2775 4400
354 242 362 247 ⁶
430 257 509 310 88
726 309 730 313 ,
1282 251 1645 310 ANSELMI

429 437 588 494 tiens
635 452 888 508 namque
937 436 1157 494 dicitur
1203 437 1351 493 deus
1396 453 1514 493 non
1559 452 1754 508 posse,
1801 437 1969 493 nulla
2012 440 2276 508 negatur
2321 436 2385 494 in
2434 455 2516 494 eo

430 545 723 611 potestaS,
773 540 880 596 sed
926 540 1355 612 insuperabilis
1404 536 1726 611 signatur¹
1770 541 2044 612 potentia
2091 544 2153 597 et
2182 539 2511 600 fortitudo,

430 642 563 700 Non
611 644 764 700 enim
812 643 979 700 aliud
1021 643 1423 714 intellegitur,
1469 644 1587 700 nisi
1633 644 1773 715 quia
1814 643 1981 701 nulla
2019 660 2121 700 res
2149 649 2355 715 potest
2388 644 2513 701 effi-

435 762 606 815 cere,
668 752 736 802 nt
796 752 948 818 agat
1005 745 1108 803 ille
1155 747 1312 817 quod
1356 752 1621 818 negatur
1664 762 1859 819 posse.
1936 747 2090 803 Nam
2133 748 2366 805 usitata
2414 754 2518 805 est

431 849 770 907 huiusmodi
828 851 1075 911 multum
1133 849 1392 921 locutio,
1455 857 1523 907 nt
1582 850 1821 908 dicatur
1879 866 1978 907 res
2040 850 2245 922 aliqua
2305 867 2514 922 posse,

433 969 552 1010 non
598 955 737 1024 quia
781 954 844 1010 in
888 954 1016 1024 illa,
1065 954 1171 1010 sed
1217 954 1495 1026 quoniam
1541 955 1603 1011 in
1650 954 1772 1011 alia
1817 970 1885 1010 re
1933 959 2028 1010 est
2070 959 2381 1026 potesta83
2447 962 2518 1011 et

436 1073 553 1114 non
611 1073 819 1129 posse,
880 1074 997 1114 non
1044 1057 1319 1129 quoniam
1364 1058 1428 1114 in
1472 1057 1617 1127 illa,
1680 1058 1786 1114 sed
1834 1058 1975 1129 qnia
2019 1058 2081 1115 in
2127 1058 2253 1115 alia
2298 1073 2367 1114 re
2416 1064 2519 1115 est

435 1161 789 1232 inpotentia.
838 1159 1107 1218 Dicimus
1150 1176 1437 1232 namque:
1498 1161 1615 1217 iste
1660 1161 1830 1218 homo
1877 1167 2079 1233 potest
2122 1162 2313 1231 vinci,
2361 1177 2510 1233 pro:

437 1263 657 1335 aliquis
721 1269 925 1337 potest
990 1280 1121 1322 eum
1186 1265 1461 1334 vincere3
1540 1271 1633 1321 et:
1709 1265 1814 1322 ille
1881 1282 1998 1323 non
2064 1269 2267 1337 potest
2324 1265 2514 1334 vinei,

437 1384 580 1439 pro:
660 1367 859 1425 nullus
923 1383 1054 1424 eum
1113 1369 1356 1426 vincere
1413 1374 1633 1440 potest.
1707 1368 1841 1425 Non
1895 1369 2052 1425 enim
2099 1373 2192 1424 est
2235 1372 2518 1439 potestas

438 1487 614 1544 posse
659 1472 837 1542 vinci,
885 1471 991 1528 sed
1034 1473 1395 1544 inpotentia,
1443 1489 1552 1529 nec
1597 1473 1756 1530 vinci
1802 1489 1917 1529 non
1962 1487 2141 1544 posse
2169 1471 2517 1543 inpotentia

442 1583 566 1644 est,
632 1575 737 1632 sed
793 1580 1083 1646 potestas
1159 1574 1287 1632 Nec
1347 1575 1597 1632 dicimus
1631 1576 1831 1647 ‚deum
1891 1575 2257 1632 necessitate
2302 1574 2516 1631 facere

442 1678 670 1750 aliquid
729 1695 831 1748 e0,
895 1678 1050 1750 quod
1095 1679 1158 1736 in
1202 1679 1306 1736 illo
1354 1680 1437 1735 sit
1479 1679 1606 1737 ulla
1649 1679 2018 1749 necessitas»,
2080 1678 2187 1735 sed
2233 1678 2517 1750 quoniam

445 1789 539 1839 est
582 1781 644 1838 in
691 1782 847 1853 ali0‚
910 1782 1067 1840 sicut
1112 1782 1238 1839 dixi
1285 1782 1358 1840 de
1407 1783 1777 1855 inpotentia,
1842 1782 2079 1854 quando
2127 1781 2349 1838 dicitur
2394 1796 2519 1837 non

441 1904 637 1960 posse.
685 1886 889 1946 Omnis
934 1888 1154 1960 quippe
1200 1888 1533 1945 necessitas
1580 1893 1673 1944 est
1718 1893 1825 1945 aut
1870 1888 2118 1958 coacti0,
2164 1891 2274 1943 aut
2310 1885 2516 1958 prohi-

442 1992 625 2048 bitio:
705 2007 857 2063 quae
920 1991 1074 2049 duae
1133 1991 1533 2059 necessitates
1594 1996 2026 2048 convertuntur
2077 1990 2333 2047 invicem
2380 2005 2519 2046 con-

444 2095 670 2165 trarie,
757 2096 913 2152 sicut
993 2111 1238 2152 necesse
1308 2100 1370 2152 et
1430 2094 1800 2167 inpossibile.
1893 2092 2193 2165 Quidquid
2260 2108 2521 2164 namque

447 2199 685 2269 cogitur
745 2215 911 2268 esse,
973 2199 1328 2270 prohibetur
1371 2216 1488 2256 non
1536 2215 1701 2270 esse,
1765 2203 1827 2255 et
1872 2192 2069 2269 quod2
2116 2198 2353 2269 cogitur
2397 2213 2522 2255 non

447 2317 599 2369 esse,
647 2302 1001 2373 prohibetur
1033 2318 1197 2360 esse:
1249 2302 1737 2373 quemadmodum
1772 2296 1928 2374 'quod
1960 2317 2205 2359 necesse
2238 2306 2332 2357 est
2362 2316 2518 2371 esse,

446 2404 800 2477 inpossibile
863 2411 956 2462 est
1013 2421 1130 2462 non
1191 2422 1357 2477 esse,
1421 2412 1483 2464 et
1542 2406 1699 2478 qnod
1757 2421 2004 2462 necesse
2060 2409 2153 2461 est
2196 2420 2316 2461 non
2362 2419 2520 2474 esse,

446 2509 798 2581 inpossibile
861 2515 955 2566 est
1013 2526 1179 2581 esse,
1249 2516 1311 2567 et
1370 2512 1742 2569 conversim·
1801 2509 1941 2567 Cum
2004 2513 2206 2565 autem
2267 2507 2524 2565 dicimus

449 2613 678 2684 aliquid
737 2630 984 2671 necesse
1046 2631 1214 2686 esse,
1277 2621 1385 2673 aut
1445 2631 1559 2672 non
1618 2630 1749 2670 esse
1804 2614 1863 2670 in
1904 2612 2059 2683 deo,
2121 2629 2238 2670 non
2282 2612 2522 2669 int-elle·

450 2716 634 2788 gitur,
684 2717 838 2789 quod
885 2718 966 2775 sit
1010 2718 1072 2775 in
1103 2718 1207 2775 illo
1242 2718 1574 2777 necessit-as
1607 2722 1713 2775 aut
1745 2732 1986 2788 cogenS‚
2033 2721 2144 2774 aut
2173 2716 2522 2788 prohibens,

451 2819 556 2876 sed
602 2819 1001 2892 significatur,
1050 2821 1206 2892 quod
1251 2824 1314 2879 in
1362 2820 1809 2879 omnibusaliis
1847 2821 2031 2878 rebus
2064 2825 2157 2877 est
2184 2819 2524 2876 necessitas

450 2924 775 2996 prohibens
836 2941 938 2981 eas
996 2926 1204 2983 facere
1265 2931 1326 2983 et
1387 2942 1605 2997 cogens
1663 2941 1780 2982 non
1838 2924 2077 2982 facere:
2157 2930 2367 2981 contra
2410 2924 2526 2980 hoc

453 3028 608 3100 quod
656 3027 728 3085 de
777 3027 886 3085 deo
934 3028 1170 3086 dicitur.
1247 3029 1400 3087 Nam
1447 3047 1576 3087 cum
1624 3030 1905 3100 dicimuS,
1954 3029 2094 3101 quia
2137 3044 2383 3085 necesse
2428 3032 2528 3084 est

457 3132 625 3188 deum
689 3148 924 3205 semper
980 3149 1186 3192 verum
1248 3134 1451 3191 dicere
1514 3140 1575 3190 et
1618 3149 1863 3191 necesse
1909 3138 2002 3189 est
2047 3149 2177 3189 eum
2222 3147 2525 3203 nunquam

457 3236 714 3308 mentiri,
763 3253 882 3294 non
927 3237 1146 3295 dicitur
1191 3237 1377 3309 aliud,
1426 3238 1543 3295 nisi
1589 3238 1728 3309 qnia
1774 3241 1949 3294 tanta
1996 3242 2089 3293 est
2131 3236 2193 3293 in
2236 3235 2343 3293 illo
2390 3252 2524 3293 con-

457 3342 682 3397 mantia
757 3340 1041 3398 servandi
1108 3342 1464 3411 veritatem,
1541 3347 1609 3398 ut
1666 3357 1911 3399 necesse
1972 3340 2051 3397 sit
2113 3338 2337 3396 nullam
2397 3354 2526 3396 rem

463 3448 663 3502 [lumem
721 3460 934 3516 posse,
998 3449 1064 3502 ut
1122 3461 1330 3504 verum
1374 3462 1492 3503 non
1540 3445 1706 3502 dicat
1750 3452 1858 3502 aut
1901 3449 1968 3501 ut
2013 3460 2132 3501 non
2176 3442 2524 3500 mentiatur.

605 3670 918 3724 1ῐΕΚΝΟΡε
955 3672 1361 3741 significatur.
1401 3704 1464 3711 —-
1506 3671 1682 3725 2ΚΝε
1721 3671 2035 3741 quicquid.
