2775 4400
421 271 500 325 82
1275 265 1639 324 AXSELMI

419 453 742 512 conciliare
787 450 1042 523 quodam
1085 449 1336 508 servitio
1381 449 1563 508 valde
1606 450 1727 522 ipsi
1768 451 1909 524 regi
1950 451 2255 524 placituro
2275 499 2291 525 ‚
2340 458 2505 528 quod

417 559 696 616 facturus
759 561 854 613 est
915 554 1014 612 die
1073 552 1397 612 secuudum
1456 553 1829 612 voluntatem
1872 556 2041 628 regis
2086 563 2339 616 statuto.
2417 561 2513 619 Et

419 663 695 735 quoniam
739 676 856 717 non
901 674 1102 716 omnes
1146 663 1403 729 possunt
1444 657 1545 728 qni
1588 658 2024 718 reconciliandi
2054 667 2197 718 sunt
2226 663 2307 720 ad
2338 663 2505 722 diem

415 766 582 824 illam
630 763 949 822 convenire
967 805 983 833 ,
1039 759 1316 819 concedit
1353 775 1467 816 rex
1510 766 1765 832 propter
1806 763 2285 834 magnitudinem
2330 766 2508 826 illius

418 868 686 938 servitii,
747 873 816 924 ut
859 866 1194 938 quicunque
1237 863 1336 920 vel
1381 869 1525 920 ante
1546 909 1561 934 ‚
1619 864 1719 922 vel
1760 873 1901 936 post
1944 865 2101 924 diem
2142 868 2314 926 illam
2360 888 2501 928 con-

415 974 566 1032 fessi
623 972 888 1040 fuerint,
956 985 1023 1026 se
1082 967 1241 1025 velle
1297 983 1411 1039 per
1470 967 1623 1024 illud
1683 984 1833 1039 opus
1888 970 2050 1040 quod
2104 987 2177 1028 ea
2224 972 2325 1030 die
2368 974 2503 1046 fiet,

415 1078 656 1136 veniam
706 1076 1035 1147 impetrare
1090 1079 1154 1128 et
1197 1059 1278 1128 ad
1319 1076 1563 1142 pactum
1608 1071 1696 1128 ibi
1742 1074 2133 1131 constitutum
2177 1077 2502 1149 accedere,

417 1182 492 1238 ab
541 1180 698 1237 omni
743 1177 920 1250 culpa
965 1177 1088 1233 sint
1131 1174 1399 1232 absoluti
1440 1175 1812 1246 praeterita:
1864 1181 1927 1232 et
1970 1177 2023 1234 si
2068 1179 2400 1250 contigerit
2428 1187 2505 1238 ut

415 1291 556 1358 post
596 1283 752 1340 hane
796 1281 1032 1339 veniam
1079 1279 1298 1336 iterum
1341 1283 1627 1349 peccent,
1690 1279 1743 1336 si
1790 1278 1975 1350 digne
2020 1281 2384 1340 satisfacere
2430 1291 2504 1342 et

417 1388 642 1459 corrigi
701 1385 986 1456 deinceps
1045 1381 1382 1451 voluerint,
1442 1397 1553 1452 per
1613 1381 1879 1440 eiusdem
1938 1384 2105 1455 pacti
2163 1384 2497 1444 efficaciam

414 1493 634 1549 iterum
677 1489 916 1547 veniam
958 1485 1282 1557 recipiant,
1327 1484 1417 1541 sic
1460 1490 1665 1540 tamen
1700 1491 1773 1541 ut
1801 1486 2003 1543 nullus
2030 1487 2329 1559 palatium
2362 1491 2505 1549 eius

414 1592 820 1666 ingrediatur,
869 1591 1058 1648 donec
1101 1588 1328 1646 factum
1369 1588 1451 1644 sit
1488 1587 1602 1644 hoc
1628 1587 1790 1646 unde
1822 1589 2039 1662 culpae
2067 1591 2429 1650 relaxantur
2452 1589 2498 1651 ¹.

413 1697 749 1756 Secundum
777 1695 936 1752 hanc
965 1691 1439 1762 similitudinem,
1473 1692 1751 1763 quoniam
1781 1709 1901 1749 non
1930 1699 2259 1765 potuerunt
2290 1714 2503 1757 omnes

412 1801 682 1859 homines
742 1799 846 1871 qui
903 1795 1184 1856 salvandi
1243 1801 1423 1853 erant
1482 1801 1841 1868 praesentes
1884 1813 2017 1854 esse
2038 1842 2053 1868 ,
2114 1801 2355 1870 quando
2399 1819 2493 1860 re·

415 1904 816 1977 demptionem
873 1901 1042 1958 illam
1101 1899 1374 1958 Christus
1435 1899 1619 1972 fecit,
1680 1903 1857 1957 tanta
1914 1901 2037 1959 fuit
2095 1904 2189 1960 vis
2244 1903 2309 1961 in
2362 1907 2501 1964 eius

409 2015 604 2066 morte
623 2052 638 2078 ,
699 2014 770 2064 ut
827 2006 1010 2064 etiam
1069 2005 1132 2062 in
1185 2004 1473 2061 absentes
1524 2003 1625 2060 vel
1668 2004 1801 2062 loco
1822 2048 1837 2074 ,
1899 2005 1999 2063 vel
2044 2011 2315 2079 tempore
2362 2010 2498 2068 eius

411 2111 815 2184 protendatur
861 2108 1128 2166 effectus.
1205 2106 1374 2178 Quod
1420 2113 1622 2164 autem
1665 2123 1783 2164 non
1828 2103 2017 2165 solis²
2060 2113 2499 2181 praesentibus

411 2215 700 2288 prodesse
761 2214 1014 2283 debeat,
1084 2213 1224 2270 hinc
1281 2211 1467 2268 facile
1526 2213 1911 2283 cognoscitur
1931 2257 1945 2285 ,
2018 2215 2160 2285 quia
2218 2232 2337 2273 non
2398 2222 2503 2275 to‘t

409 2324 766 2392 praesentes
827 2318 956 2374 eius
1015 2332 1150 2373 esse
1209 2316 1386 2372 morti
1444 2320 1805 2387 potuerunt,
1870 2324 2017 2388 quot
2058 2318 2137 2375 ad
2185 2335 2497 2392 supernae

412 2422 683 2481 civitatis
729 2420 1232 2479 constructionem
1276 2420 1610 2477 necessarii
1655 2426 1813 2490 sunt,
1862 2421 2101 2479 etiamsi
2144 2438 2347 2481 omnes
2388 2428 2499 2497 qui

412 2527 678 2585 eiusdem
722 2526 934 2583 mortis
977 2530 1250 2596 tempore
1293 2523 1631 2594 ubicunque
1676 2530 1872 2596 erant,
1922 2524 2001 2581 ad
2044 2524 2213 2582 illam
2256 2527 2495 2586 redem-

405 2632 673 2703 ptionem
719 2630 1203 2687 admitterentur.
1265 2626 1489 2684 Plures
1536 2627 1691 2684 enim
1736 2633 1877 2684 sunt
1922 2628 2243 2687 daemones
2288 2648 2497 2703 quam,

410 2734 484 2791 de
532 2734 748 2805 quibus
789 2731 1230 2790 restaurandus
1262 2736 1358 2787 est
1388 2746 1669 2787 numerus
1702 2746 1925 2802 eorum,
1972 2748 2047 2790 ea
2080 2733 2177 2791 die
2207 2733 2495 2793 viverent

407 2836 692 2893 homines.
779 2835 907 2896 Nec
967 2834 1328 2893 credendum
1390 2840 1518 2904 est,
1588 2850 1663 2891 ex
1722 2850 1837 2905 quo
1898 2834 2101 2893 factus
2161 2844 2257 2893 est
2314 2836 2497 2896 homo

411 2939 592 2997 ullum
637 2946 876 3011 tempus
921 2938 1133 3009 fuisse,
1181 2954 1296 3009 quo
1339 2937 1597 2994 mundus
1643 2938 1761 2995 iste
1806 2955 1937 2995 cum
1984 2941 2283 2999 creaturis
2330 2958 2495 3013 quae

405 3043 609 3102 factae
654 3048 795 3101 sunt
838 3042 918 3100 ad
963 3057 1106 3099 usus
1146 3041 1463 3110 hominum,
1517 3042 1605 3099 sic
1642 3057 1870 3099 vacuus
1901 3041 2139 3114 fuisset,
2184 3049 2254 3100 ιιι
2282 3044 2495 3102 nullus

407 3155 570 3205 esset
612 3149 674 3205 in
718 3147 824 3205 illo
875 3163 948 3203 ex
992 3145 1248 3203 humano
1295 3160 1521 3216 genere
1565 3145 1646 3202 ad
1691 3144 1803 3203 hoc
1843 3147 2176 3218 pertinenS,
2231 3154 2495 3221 propter

406 3251 564 3324 quod
623 3250 828 3309 factus
887 3256 982 3307 est
1039 3250 1230 3307 homo.
1307 3248 1567 3305 Videtur
1628 3249 1783 3305 enim
1842 3249 2269 3307 inconveniens
2326 3251 2489 3323 quod

405 3356 554 3413 deus
618 3355 715 3414 vel
775 3371 890 3413 uno
947 3360 1245 3411 momento
1305 3352 1654 3425 permiserit
1697 3352 2016 3410 humanum
2060 3368 2256 3425 genus
2302 3360 2365 3411 et
2412 3371 2489 3412 ea

405 3476 560 3532 quae
619 3460 770 3517 fecit
822 3464 1074 3531 propter
1127 3474 1298 3515 usum
1346 3473 1584 3528 eorum,
1646 3457 1721 3515 de
1768 3457 1981 3529 quibus
2028 3474 2291 3530 superna
2340 3458 2489 3518 civi-

443 3657 454 3665 ·
550 3677 812 3731 ¹ABCO:
847 3679 1231 3731 relaoeentur.
1269 3708 1335 3714 —
1376 3677 1569 3731 ²solz's
1607 3675 1961 3744 ACDKMN3
1996 3675 2097 3729 aL:
2134 3676 2359 3729 solum.
