2775 4400
799 295 955 354 CUR
1002 295 1212 356 DEUS
1258 295 1507 356 HOMO.
1555 297 1606 354 Ι.
1653 317 1713 356 x.
2222 304 2303 358 25

237 478 339 536 sed
390 479 585 537 libera
629 479 943 538 voluntate
988 485 1257 537 mortuus
1304 480 1609 538 credatur.
1686 480 1842 539 Erat
1887 497 2141 554 namque
2188 499 2305 540 om·

235 582 542 654 nipotens,
601 589 664 640 et
711 582 785 640 de
830 582 937 640 illo
980 583 1242 655 legitur,
1291 585 1433 655 quia
1481 579 1735 643 oblatus
1778 591 1908 657 est,
1958 581 2303 665 quoniam¹

235 683 370 764 ipse
430 681 688 746 voluit2.
765 685 848 744 Et
902 687 1034 758 ipse
1097 685 1274 743 dicit:
1354 681 1495 767 qu
1531 706 1707 768 pono
1754 686 2039 747 animam
2082 706 2303 762 meam,

235 792 304 845 ut
345 786 579 848 iterum
626 807 872 848 sumam
916 807 1088 864 eam;
1153 808 1331 849 nemo
1379 786 1547 849 tollit
1592 809 1731 849 eam
1774 809 1817 849 a
1864 809 1989 864 me,
2040 787 2152 850 sed
2195 810 2305 870 eqo

227 909 397 969 pono
445 910 582 951 eam
627 911 668 951 a
712 910 805 951 me
851 891 996 972 ipso
1012 871 1058 950 :⁰
1072 898 1448 972 potestatem
1477 889 1673 953 habeo
1699 891 1991 974 ponendi
2020 892 2307 954 anima'm
2338 941 2343 946 .

232 1012 432 1054 meam
474 1001 533 1054 et
571 999 948 1075 potestatem
992 991 1187 1055 habeo
1233 994 1471 1056 iterum
1518 993 1815 1056 sumendi
1860 1016 1996 1057 eam
2018 992 2061 1056 ⁰.
2137 997 2305 1068 Quod

234 1114 376 1170 ergo
421 1098 580 1156 idem
624 1099 756 1172 ipse
801 1115 911 1156 sua
955 1104 1262 1172 potestate
1308 1106 1370 1157 et
1416 1116 1525 1157 sua
1573 1099 1883 1158 voluntate
1928 1100 2117 1171 facit,
2177 1100 2303 1158 nul·
2386 1155 2391 1160 .

230 1200 468 1260 latenus
514 1201 594 1260 ad
639 1202 750 1260 hoc
796 1203 930 1275 cogi
973 1210 1141 1261 recte
1188 1202 1429 1261 dicitur.
1508 1197 1661 1262 Bos.
1731 1203 1863 1262 Hoc
1908 1203 2115 1276 solum,
2164 1205 2305 1276 quia

231 1306 527 1376 permittit
587 1304 734 1363 deus
797 1306 965 1363 illum
1027 1307 1114 1364 sic
1167 1307 1425 1364 tractari
1479 1307 1749 1379 quamvis
1795 1307 2092 1365 volentem
2112 1351 2125 1378 ,
2186 1324 2305 1366 non
2348 1386 2353 1390 η

231 1407 470 1467 videtur
514 1409 627 1466 tali
670 1410 836 1481 patri
881 1409 956 1468 de
1001 1409 1114 1467 tali
1153 1410 1275 1467 filio
1310 1411 1647 1470 convenire.
1695 1403 1858 1469 Ans.
1904 1411 2089 1468 Immo
2120 1413 2303 1468 maxi-

231 1526 320 1568 me
383 1512 576 1594 decet·
618 1512 802 1571 talem
846 1519 1083 1598 patrem
1128 1513 1241 1570 tali
1285 1513 1409 1571 filio
1457 1515 1827 1586 consentire,
1890 1515 1940 1571 si
1987 1514 2127 1586 quid
2175 1515 2309 1574 vult

232 1614 621 1674 laudabiliter
682 1616 760 1674 ad
819 1616 1100 1674 honorem
1163 1617 1260 1674 dei
1306 1623 1370 1675 et
1414 1617 1648 1675 utiliter
1694 1617 1773 1675 ad
1820 1617 2078 1675 salutem
2122 1618 2300 1676 homi-

233 1734 398 1790 num,
461 1714 660 1792 quae⁴
712 1720 903 1778 ‘aliter
960 1719 1092 1777 fieri
1145 1736 1262 1777 non
1307 1721 1525 1792 potuit.
1605 1715 1758 1781 Bos.
1835 1720 1908 1779 In
1954 1721 2065 1779 hoc
2110 1721 2305 1780 adhuc

232 1837 574 1894 versamur,
652 1823 915 1896 qualiter
981 1840 1141 1881 mors
1207 1823 1316 1881 illa
1383 1824 1769 1882 rationabilis
1832 1832 1893 1881 et
1952 1826 2298 1882 necessaria

231 1928 553 1984 monstrari
596 1929 808 2000 possit.
865 1926 1065 1985 Aliter
1109 1943 1362 1999 namque
1408 1944 1518 1985 nec
1563 1928 1692 2000 ipse
1738 1927 1896 1985 filius
1944 1944 2074 1985 eam
2125 1927 2300 1998 velle,

232 2044 340 2086 nec
395 2036 577 2103 pater
635 2046 850 2103 cogere
898 2036 1005 2088 aut
1046 2031 1400 2103 permittere
1448 2031 1724 2089 debuisse
1772 2030 2031 2089 videtur.
2109 2030 2299 2102 Quae-

230 2132 384 2190 ritur
443 2134 634 2206 enim,
697 2149 801 2192 cur
862 2134 1008 2191 deus
1065 2134 1247 2192 aliter
1291 2134 1584 2193 hominem
1630 2135 1875 2193 salvare
1920 2152 2038 2192 non
2082 2135 2302 2209 potuit,

232 2243 337 2294 aut
380 2240 432 2295 si
477 2239 708 2311 potuit,
758 2255 863 2297 cur
907 2241 1018 2297 hoc
1062 2238 1233 2296 modo
1280 2239 1490 2297 voluit.
1566 2239 1720 2297 Nam
1768 2245 1829 2297 et
1880 2240 2305 2299 inconveniens

232 2339 470 2400 videtur
518 2358 650 2399 esse
692 2342 822 2413 dec,
870 2342 1162 2400 hominem
1192 2342 1303 2401 hoc
1334 2343 1506 2401 modo
1539 2331 1835 2415 salvasse,
1882 2360 1993 2401 nec
2024 2351 2303 2417 apparet,

233 2443 371 2515 quid
415 2462 577 2503 mors
607 2445 716 2503 illa
737 2442 760 2479 ⁵
807 2446 1014 2505 valeat
1044 2446 1122 2503 ad
1156 2445 1512 2504 salvandum
1542 2446 1851 2503 homiuem.
1902 2446 2118 2504 Mirum
2149 2448 2305 2505 enim

235 2553 354 2619 est,
415 2550 466 2606 si
527 2548 674 2607 deus
734 2550 820 2607 sic
881 2548 1221 2607 delectatur
1266 2555 1373 2606 aut
1420 2555 1563 2621 eget
1606 2550 1901 2621 sanguine
1948 2550 2301 2620 innocentis,

233 2654 297 2705 ut
350 2668 466 2709 non
512 2652 627 2710 nisi
676 2668 743 2710 eo
789 2652 1112 2710 interfecto
1158 2668 1413 2724 parcere
1462 2652 1610 2709 velit
1656 2657 1763 2709 aut
1804 2652 1996 2724 possit
2044 2653 2301 2710 nocenti.

233 2743 388 2812 Ans.
438 2755 730 2825 Quoniam
776 2755 1002 2827 accipis
1048 2757 1110 2813 in
1154 2756 1269 2813 hac
1315 2756 1669 2827 quaestione
1714 2770 2033 2827 personam
2080 2771 2301 2827 eorum,

234 2856 329 2926 qui
392 2858 644 2916 credere
692 2859 839 2916 nihil
887 2858 1095 2917 volunt
1141 2859 1253 2915 nisi
1301 2864 1790 2931 praemonstrata
1834 2859 2107 2930 ratione,
2170 2859 2303 2917 volo

234 2965 424 3019 tecum
470 2963 715 3035 pacisci,
766 2969 834 3020 ut
879 2963 1106 3020 nullum
1151 2962 1248 3021 vel
1290 2963 1595 3021 minimum
1642 2962 2069 3021 inconveniens
2101 2964 2162 3020 in
2195 2963 2304 3021 deo

234 3078 270 3117 a
315 3066 488 3123 nobis
534 3066 891 3138 accipiatur,
941 3073 1001 3123 et
1048 3065 1212 3123 nulla
1258 3066 1356 3124 vel
1385 3066 1628 3123 minima
1658 3067 1837 3134 ratic,
1886 3066 1937 3122 si
1966 3067 2157 3124 maior
2187 3083 2304 3124 non

235 3174 566 3241 repugnat,
612 3169 922 3227 reiciatur.
997 3168 1166 3228 Sicut
1210 3170 1364 3227 enim
1410 3170 1472 3225 in
1520 3168 1629 3226 deo
1677 3168 2005 3241 quamlibet
2047 3186 2301 3241 parvum

235 3266 654 3330 inconveniens
701 3274 972 3345 sequitur
1018 3274 1492 3345 inpossibilitaS,
1541 3273 1630 3330 ita
1677 3272 2007 3345 quamlibet
2050 3288 2300 3344 parvam

235 3374 556 3447 rationem,
619 3376 670 3433 si
730 3377 942 3434 maiori
1002 3393 1119 3434 non
1179 3370 1485 3435 vincitur⁰
1509 3420 1522 3447 ,
1585 3376 1904 3433 comitatur
1950 3376 2301 3433 necessitas

379 3607 547 3662 ¹KN:
608 3610 775 3678 quia.
813 3640 878 3647 —
921 3609 1070 3663 ²Ies.
1106 3609 1203 3676 53,
1254 3610 1300 3664 7.
1339 3608 1510 3676 Vulg.
1551 3640 1612 3646 —
1656 3608 1813 3661 3ΙοῙι.
1854 3608 1949 3675 10,
1995 3609 2079 3663 17.
2118 3609 2200 3663 18.
2240 3639 2303 3646 -

239 3689 458 3747 ⁴KNP:
495 3695 674 3764 quod.
712 3726 775 3733 —
817 3694 1034 3748 ⁵NOP:
1071 3696 1202 3748 ista.
1243 3726 1306 3733 --
1348 3694 1524 3747 ⁶KN:
1564 3695 1967 3748 convincitur.
