2775 4400
411 213 491 266 22
1286 221 1647 285 ANSELMI

409 396 549 464 tem,
599 396 704 454 sed
751 415 788 456 a
836 400 965 457 deo,
1012 404 1146 464 Non
1193 424 1338 482 ergo
1385 414 1553 470 venit
1584 412 1854 474 Christus
1902 420 2269 481 voluntatem
2312 443 2478 484 suam

411 496 641 571 facere,
687 502 826 560 sed
839 509 1054 579 patriS,
1106 511 1248 582 quia
1292 513 1453 572 iusta
1501 517 1779 576 voluntas
1826 538 2001 593 quam
2031 519 2317 600 habebat,
2363 546 2479 588 non

411 610 547 660 erat
593 621 666 662 ex
710 606 1102 683 humanit-ate,
1152 615 1257 672 sed
1305 633 1378 674 ex
1426 619 1762 680 divinitate.
1821 620 2102 706 Proprie
2148 649 2294 690 vero
2338 629 2479 709 filio

411 705 568 768 suo¹
633 729 760 770 non
807 714 1105 793 pepercit
1164 713 1358 791 deus,
1424 719 1534 781 sed
1579 743 1708 803 pro
1764 723 1953 788 nobis
2010 730 2307 795 omnibus
2352 743 2479 796 tva-

410 807 588 873 didit
647 811 908 888 illum²,
979 836 1096 877 non
1157 829 1248 879 est
1308 823 1475 882 aliud
1536 844 1746 901 quam,
1816 848 1928 890 non
1984 834 2274 896 liberavit
2327 857 2477 898 eum.

411 914 564 975 Nam
611 919 797 978 multa
843 921 904 978 in
951 939 1126 982 sacra
1173 927 1479 1001 scliptura
1524 931 1859 998 huiusmodi
1903 938 2307 1000 inveniuntur.
2364 944 2484 1005 Ubi

409 1027 615 1079 autem
663 1023 843 1081 dicit:
881 1031 1098 1104 pater,
1149 1028 1211 1088 si
1241 1030 1561 1110 possibile
1608 1044 1720 1110 est,
1768 1045 2059 1102 transeat
2103 1064 2145 1102 a
2181 1065 2274 1106 me
2306 1035 2521 1126 caliate>

413 1124 574 1201 iste,·
617 1134 1032 1190 veruntamen
1077 1151 1206 1192 uon
1254 1133 1422 1215 cacat
1466 1157 1577 1217 eqo
1624 1139 1781 1214 volo,
1816 1141 1945 1204 sed
1990 1144 2157 1206 sicut
2187 1145 2300 1208 tu³
2316 1170 2341 1226 ‚·
2386 1157 2479 1209 et.
2495 1158 2501 1166 '

412 1227 479 1286 si
521 1247 649 1289 non
683 1237 898 1311 potest
942 1230 1043 1293 hic
1090 1233 1268 1298 calioe
1312 1241 1619 1314 transioe,
1676 1245 1814 1305 nisi
1858 1245 2069 1309 bibam
2115 1249 2317 1331 illum,
2353 1251 2486 1333 fiat

412 1329 716 1392 voluntas
775 1334 970 1400 tua⁴s
1037 1344 1378 1402 naturalem
1440 1348 1655 1406 salutis
1714 1367 1825 1422 per
1882 1353 2251 1414 voluntatem
2316 1375 2483 1416 suam

410 1437 719 1508 significat
785 1445 1155 1517 appetit-um,
1231 1464 1346 1519 quo
1420 1450 1673 1509 humana
1744 1470 1882 1511 caro
1953 1455 2213 1516 dolorem
2273 1464 2485 1520 mortis

413 1539 711 1613 fugiebat.
763 1545 1149 1607 Voluntatem
1196 1560 1337 1609 vero
1383 1555 1578 1624 patris
1626 1556 1791 1627 dicit,
1840 1575 1956 1616 non
1990 1562 2263 1631 quoniam
2300 1564 2485 1622 malu-

413 1645 534 1702 erit
594 1658 770 1719 pater
831 1651 939 1708 filii
999 1661 1246 1712 mortem
1309 1673 1483 1727 quam
1530 1659 1749 1730 vitam3
1828 1663 1933 1720 sed
1980 1663 2119 1735 quia
2164 1666 2485 1725 humanum

412 1767 618 1822 genus·
651 1757 991 1813 restaurari
1036 1758 1279 1817 nolebat
1324 1769 1535 1833 pater,
1599 1764 1714 1822 nisi
1759 1765 1994 1824 faceret
2036 1767 2205 1826 homo
2252 1769 2487 1842 aliquid

411 1861 538 1915 tam
599 1873 913 1932 magnum,
978 1863 1133 1921 sicut
1194 1873 1328 1922 erat
1385 1882 1544 1924 mors
1598 1868 1724 1926 illa.
1802 1869 1954 1942 Quia
1998 1868 2153 1930 Ῑιοει5
2197 1875 2489 1945 poscebat

409 1963 573 2024 ratio
637 1969 792 2039 quod
851 1967 1008 2024 alius
1069 1968 1274 2026 facere
1336 1986 1453 2028 non
1497 1969 1775 2044 poterat,
1838 1973 2061 2033 idcirco
2118 1977 2264 2034 dicit
2307 1978 2486 2050 filine,

412 2063 596 2128 illum⁴
630 2071 786 2129 velle
833 2077 1080 2129 mortem
1127 2088 1329 2141 suam,
1380 2090 1557 2145 quam
1603 2076 1732 2148 ipse
1779 2073 2050 2136 mavult⁶
2094 2081 2257 2152 pati,
2312 2099 2489 2154 quam

413 2180 484 2232 ut
530 2190 720 2247 genus
765 2175 1082 2233 humanum
1130 2191 1244 2233 non
1291 2175 1638 2249 salvetur⁷;
1688 2195 1761 2237 ac
1808 2181 1856 2237 si
1900 2180 2159 2240 diceret:
2209 2186 2487 2257 quoniam

415 2297 530 2337 non
595 2279 685 2337 vis
746 2279 929 2337 aliter
987 2280 1538 2339 reconciliationem
1598 2284 1801 2341 mundi
1859 2284 2023 2356 fieri,
2087 2286 2216 2345 dico
2272 2296 2331 2346 te
2378 2290 2491 2349 hoc

415 2384 587 2441 modo
650 2383 805 2442 velle
836 2389 1114 2441 ·mortem
1159 2400 1382 2455 meam3
1453 2384 1561 2443 fiat
1607 2402 1753 2459 ergo
1796 2385 1991 2447 haec⁸
2037 2390 2313 2449 voluntas
2354 2398 2487 2467 tua,

412 2488 479 2545 id
527 2494 636 2560 est,
697 2488 804 2545 fiat
847 2504 1006 2545 mors
1051 2504 1204 2559 mea,
1252 2494 1320 2545 ut
1363 2488 1617 2547 mundus
1662 2491 1774 2549 tibi
1819 2494 2260 2552 reconcilietur.
2337 2496 2489 2554 Nam

415 2608 601 2665 saepe
648 2592 908 2665 aliquem
955 2592 1111 2650 velle
1163 2582 1412 2650 dicimus
1459 2594 1721 2666 aliquid,
1780 2596 1918 2667 quia
1965 2614 2081 2655 non
2128 2599 2257 2656 vult
2301 2600 2489 2671 aliud,

415 2697 574 2767 quod
623 2698 674 2754 si
721 2697 923 2767 vellet,
971 2715 1085 2755 non
1133 2700 1306 2756 fieret
1349 2699 1497 2757 illud
1547 2702 1700 2771 quod
1756 2701 1977 2759 dicitur
2024 2702 2211 2772 velle,
2262 2709 2327 2760 ut
2360 2719 2487 2763 cum

417 2800 702 2870 dicimus,
763 2800 927 2859 illum
973 2802 1279 2860 lucernam
1328 2804 1484 2862 velle
1531 2806 1919 2878 extinguere,
1969 2801 2153 2877 quia⁹
2199 2824 2313 2864 non
2360 2808 2492 2865 vult

419 2903 702 2961 claudere
749 2904 1099 2977 fenestram,
1147 2923 1259 2978 per
1305 2924 1480 2979 quam
1529 2913 1743 2965 ventus
1790 2909 1998 2978 intrat,
2047 2910 2147 2981 qni
2185 2910 2491 2968 lucernam

417 3007 742 3080 extinguit.
790 3007 888 3066 Sic
929 3025 1074 3081 ergo
1107 3009 1300 3067 voluit
1330 3014 1509 3082 pater
1539 3017 1786 3068 mortem
1817 3011 1944 3082 filii,
1993 3013 2133 3085 quia
2163 3030 2280 3070 non
2312 3014 2493 3072 aliter

420 3111 611 3168 voluit
654 3112 932 3169 mundum
980 3113 1228 3185 salvari,
1275 3113 1392 3171 nisi
1436 3113 1606 3171 homo
1653 3121 1776 3172 tam
1822 3132 2101 3188 magnum
2142 3116 2372 3189 aliquid
2402 3117 2491 3175 fa-

420 3220 618 3286 ceret,
681 3222 750 3271 ut
810 3216 950 3274 dixi.
1032 3216 1199 3286 Quod
1258 3217 1378 3274 filio
1436 3217 1663 3276 volenti
1718 3192 1973 3277 salutern
2018 3220 2313 3278 hominum
2359 3226 2492 3279 tan·

568 3398 580 3431 ¹
604 3396 710 3450 ΚΝ
737 3413 839 3451 οιιι.
868 3414 997 3453 suo.
1036 3431 1099 3437 ——
1143 3400 1162 3433 ²
1183 3399 1339 3453 Rom.
1365 3400 1414 3461 8.
1441 3400 1525 3454 32.
1564 3432 1627 3438 —-—
1667 3404 1688 3436 ³
1709 3402 1911 3456 Matth.
1936 3403 2018 3469 26,
2044 3404 2127 3459 39.
2156 3434 2219 3440 ——
2248 3405 2271 3438 ⁴
2290 3403 2493 3458 Matth.

415 3489 516 3553 26,
565 3485 648 3538 42.
701 3517 760 3523 ——
817 3486 902 3539 ⁵L
939 3502 972 3539 a
1010 3501 1118 3540 sec.
1156 3504 1252 3540 m.:
1303 3488 1449 3553 hoc,·
1499 3487 1585 3541 M:
1634 3503 1813 3555 verm·
1861 3489 1962 3543 aL:
2012 3491 2169 3543 non!
2217 3521 2282 3527 —
2334 3490 2493 3558 ⁶alii,

418 3578 484 3625 ut
541 3571 664 3626 OP:
724 3575 964 3627 maluit.
1014 3605 1077 3612 —
1126 3574 1297 3640 ⁷alii,
1335 3577 1401 3627 ut
1440 3574 1581 3628 KM:
1630 3576 2005 3629 salvaretur.
2046 3608 2107 3614 —
2149 3575 2350 3629 8ΚΜΡ
2387 3576 2494 3630 aL:

415 3662 609 3726 haec,·
646 3661 717 3713 al.
758 3675 860 3714 om.
902 3692 963 3698 —-
1005 3660 1236 3714 ⁹KMP:
1276 3662 1460 3730 quim·
1496 3660 1595 3715 aL:
1634 3663 1755 3731 qui.
1797 3693 1857 3699 —-
