2775 4400
98 532 101 540 ¹
98 462 111 516 ‘ff'
100 232 115 425 '‘W-rw·-

536 241 618 294 96
1418 240 1779 299 ANSELMI

535 424 697 493 quod
754 425 1019 483 habebat
1081 433 1142 484 et
1203 429 1290 486 sic
1333 429 1606 500 perfecte
1652 428 1769 485 sibi
1812 427 2117 486 sufficiens
2165 432 2337 498 erat,
2408 432 2484 483 ut
2531 444 2648 485 nec

535 527 647 585 alii
695 529 1012 601 quicquam
1057 533 1398 589 retribuere
1447 532 1713 603 deberet,
1761 548 1872 589 nec
1916 536 1984 588 ut
2029 531 2144 587 sibi
2173 531 2650 588 retribueretur

535 632 686 689 dare
731 632 1054 705 indigeret.
1103 630 1256 694 Bos.
1305 634 1536 706 Aperte
1577 652 1733 693 nunc
1767 634 1959 705 vide0,
2009 635 2149 706 quia
2179 634 2355 692 nulla
2388 635 2648 692 ratione

538 735 801 807 seipsum
855 738 1033 794 morti
1081 754 1153 794 ex
1200 738 1440 809 debito,
1504 739 1659 797 sicut
1702 739 1862 795 ratio
1908 754 2040 794 mea
2086 737 2428 795 videbatur
2475 754 2649 794 mon-

539 844 777 908 strare,
851 839 1019 896 dedit
1079 840 1156 897 ad
1217 840 1499 909 honorem
1564 841 1693 912 dei,
1758 846 1822 897 et
1881 846 2081 897 tamen
2138 839 2352 897 facere
2424 839 2651 896 debuit

537 942 699 1013 quod
759 942 923 1017 fecit.
1000 936 1160 1001 Ans.
1246 943 1453 1002 Honor
1507 946 1712 1016 utique
1759 944 1864 1001 ille
1907 944 2096 1000 totius
2143 949 2237 1000 est
2281 943 2647 1012 trinitatis3

538 1062 728 1118 quare
789 1047 1064 1118 quoniam
1122 1048 1278 1104 idem
1324 1049 1456 1120 ipse
1504 1054 1597 1105 est
1643 1048 1789 1104 deus
1832 1047 1991 1105 filius
2039 1047 2153 1118 dei,
2209 1047 2289 1103 ad
2338 1047 2650 1102 honorem

545 1167 712 1208 suum
773 1151 1034 1221 seipsum
1095 1151 1209 1208 sibi
1272 1152 1430 1209 sicut
1485 1152 1649 1224 patri
1711 1157 1773 1208 et
1833 1151 2076 1223 spiritui
2121 1155 2331 1207 sancto
2388 1149 2648 1217 obtulit,

549 1256 605 1308 id
666 1264 760 1310 est
817 1253 1250 1311 humanitatem
1312 1270 1480 1311 suam
1542 1255 1851 1312 divinitati
1907 1266 2087 1325 suae,
2152 1269 2306 1325 quae
2358 1270 2492 1312 una
2545 1269 2647 1309 ea·

549 1360 792 1429 demque
853 1358 1034 1414 trium
1095 1374 1487 1430 personarum
1549 1364 1657 1415 est.
1736 1358 1818 1416 Ut
1873 1363 2074 1414 tamen
2117 1357 2180 1413 in
2228 1356 2455 1414 eadem
2504 1357 2649 1427 ipsa

549 1461 806 1518 veritate
866 1468 1177 1518 manentes
1237 1462 1510 1533 apertius
1570 1462 1884 1533 loquamur
1944 1461 2099 1532 quod
2160 1459 2445 1517 volumus
2473 1503 2487 1523 ‚
2558 1459 2647 1515 di-

549 1570 747 1620 camus
795 1564 949 1621 sicut
991 1581 1134 1620 usus
1178 1564 1397 1636 habet,
1457 1567 1597 1636 quia
1642 1564 1801 1622 filius
1847 1571 2059 1637 sponte
2108 1579 2171 1620 se
2217 1564 2425 1635 ipsum
2471 1564 2645 1634 patri

549 1668 795 1724 ubtulit:
854 1666 966 1725 hoc
1010 1684 1263 1739 namque
1309 1669 1480 1725 modo
1528 1670 1911 1740 apertissime
1960 1668 2213 1739 dicitur,
2263 1669 2413 1738 quia
2466 1668 2643 1723 etin

553 1788 664 1828 nna
711 1787 969 1842 persona
1014 1776 1177 1827 totus
1225 1772 1371 1828 deus
1417 1773 1512 1829 cui
1561 1772 1881 1829 secundnm
1927 1771 2220 1829 hominem
2267 1787 2332 1827 se
2385 1769 2642 1840 obtulit,

553 1875 941 1946 intellegitur,
991 1879 1052 1931 et
1096 1892 1204 1946 per
1248 1891 1461 1933 nomen
1505 1876 1700 1946 patris
1748 1882 1810 1932 et
1853 1875 1961 1932 filii
2007 1875 2276 1932 inmensa
2325 1873 2641 1947 quaedam

553 1980 605 2036 in
668 1979 946 2036 cordibus
1000 1979 1403 2049 audientium,
1469 1996 1596 2035 cum
1665 1984 1899 2050 patrem
1942 1978 2102 2034 filius
2146 1978 2257 2036 hoc
2298 1977 2485 2037 modo
2536 1993 2638 2048 po-

549 2081 777 2138 stulare
837 2098 947 2153 pro
1009 2082 1179 2138 nobis
1235 2081 1489 2152 dicitur,
1549 2083 1749 2153 pietas
1805 2083 2082 2139 sentitur.
2161 2076 2315 2140 Bos·
2375 2082 2520 2139 Hoc
2568 2081 2637 2136 li-

553 2186 895 2241 bentissime
943 2185 1192 2256 accipio,

719 2367 929 2437 XIX.
980 2368 1140 2433 Ans.
1187 2375 1540 2434 Intueamnr
1586 2393 1742 2436 nunc
1786 2383 1967 2450 prout
2011 2392 2343 2449 possumuS‚
2398 2382 2636 2449 quanta

553 2480 687 2537 inde
761 2481 997 2536 ratione
1072 2486 1360 2551 sequatur
1435 2480 1695 2539 humana
1754 2481 2032 2539 salvatiO.
2126 2476 2278 2540 Boc.
2356 2480 2460 2537 Ad
2523 2480 2634 2535 hoc

553 2583 746 2640 tendit
812 2599 912 2640 cor
971 2599 1181 2640 meum.
1260 2583 1413 2641 Nam
1476 2585 1745 2657 quamvis
1805 2584 1916 2642 hoc
1973 2584 2116 2641 mihi
2180 2584 2389 2642 videar
2452 2582 2631 2640 intel-

553 2688 774 2758 legere,
830 2687 1023 2756 ipsam
1068 2693 1267 2743 tamen
1314 2688 1570 2744 rationis
1618 2688 2053 2745 contextionem
2099 2705 2137 2744 a
2182 2693 2242 2744 te
2289 2687 2425 2745 volo
2474 2686 2627 2742 fieri.

557 2785 712 2846 sins·
759 2788 1055 2857 Quantum
1102 2794 1302 2846 autem
1349 2792 1430 2847 sit
1474 2791 1629 2863 quod
1674 2791 1832 2848 filius
1878 2797 2092 2863 sponte
2140 2791 2325 2862 dedit,
2372 2808 2493 2848 non
2540 2795 2629 2845 est
2705 2811 2706 2818 ¹

557 2907 702 2961 opus
752 2907 1068 2962 exponere.
1140 2888 1293 2951 Boe.
1342 2892 1718 2951 Sufficienter
1760 2900 1951 2966 patet.
2017 2887 2176 2952 Ans.
2226 2894 2376 2951 Eum
2423 2899 2627 2951 autem
2701 2872 2704 2963 γ’

553 2995 654 3065 qni
700 3001 935 3051 tantum
981 2994 1198 3052 donum
1243 3002 1456 3067 sponte
1500 2997 1603 3053 dat
1637 2997 1766 3068 deo,
1814 2998 1942 3054 sine
1971 2998 2368 3055 retributione
2402 2998 2625 3055 debere
2698 3010 2700 3036 ¹

557 3113 685 3153 esse
746 3114 863 3154 non
924 3097 1238 3156 iudicabis,
1341 3094 1487 3159 Bos,
1558 3100 1741 3157 Immo
1800 3117 2046 3158 necesse
2107 3118 2237 3158 esse
2299 3102 2510 3166 vide0‚
2560 3104 2625 3155 ut

553 3207 730 3273 pater
774 3200 896 3258 filio
940 3202 1273 3274 retribuat3
1323 3203 1589 3275 alioquin
1636 3210 1743 3261 aut
1787 3205 2045 3261 iniustus
2091 3200 2438 3262 videretur¹
2492 3217 2620 3260 esse

557 3305 605 3361 si
659 3304 880 3376 nollet,
944 3310 1051 3361 aut
1095 3306 1372 3377 inpotens
1420 3308 1469 3363 si
1514 3323 1631 3364 non
1676 3314 1911 3379 posset:
1979 3324 2131 3379 quae
2178 3325 2214 3365 a
2262 3308 2374 3365 deo
2420 3308 2619 3365 aliena

557 3412 711 3463 sunt.
789 3402 951 3465 Ans.
1015 3408 1127 3477 Qui
1184 3386 1494 3467 retribuit'
1533 3410 1750 3482 alicui,
1814 3417 1920 3468 aut
1980 3412 2087 3468 dat
2146 3412 2302 3482 quod
2356 3413 2458 3469 ille
2505 3424 2617 3466 non

705 3632 1053 3685 ¹·v2'deretur
1090 3633 1336 3702 KMN03
1374 3634 1475 3688 aL:
1511 3636 1773 3690 videtur.

2696 3069 2698 3108 ι

2693 3132 2696 3180 4

2689 3181 2694 3252 1

2687 3271 2692 3324 Α

2665 3386 2670 3392 -
2685 3335 2690 3408 1

2662 3414 2688 3760 3¹

2651 4120 2668 4321 i
