2775 4400
696 254 852 312 CUR
900 253 1108 313 DEUS
1155 253 1403 312 HOMO.
1450 255 1534 312 ΙΙ.
1584 235 1691 313 vii.
1742 273 1872 312 vm.
2052 207 2059 214 ι
2242 260 2323 314 65

244 453 488 496 11666886
555 443 652 496 681
711 437 960 496 eundem
1020 436 1216 509 ipsum
1277 453 1409 494 esse
1469 437 1805 510 perfectum
1863 438 2034 496 deum
2084 443 2145 495 et
2187 455 2323 512 per-

241 541 465 600 fectum
538 541 871 607 hominem,
947 540 1047 613 qui
1117 540 1273 598 hanc
1332 540 1813 599 satisfactionem
1872 541 2149 599 facturus
2210 548 2321 614 est,

237 646 522 716 quoniam
571 661 705 702 eam
750 643 958 703 facere
1003 660 1120 701 non
1165 649 1370 716 potest
1414 644 1533 701 nisi
1574 660 1753 702 verus
1787 644 1952 715 dene,
2000 661 2111 703 nec
2144 645 2325 703 debet

239 749 355 806 nisi
387 765 574 807 verus
607 748 798 805 homo.
833 747 1123 818 Quoniam
1156 763 1302 819 ergo
1336 752 1585 805 servata
1615 747 1976 819 integritate
2006 748 2322 821 utriusque

238 858 502 910 naturae
563 867 812 909 necesse
874 858 968 909 est
1028 851 1286 908 inveniri
1345 850 1518 907 deum
1575 850 1902 922 hominem,
1964 868 2082 908 non
2128 853 2323 908 minus

237 971 488 1014 necesse
545 959 641 1012 est
694 955 806 1012 has
852 955 1003 1012 duas
1048 959 1302 1011 naturas
1348 955 1624 1026 integras
1671 955 1990 1013 convenire
2036 955 2097 1011 in
2142 971 2321 1012 unam

236 1074 597 1130 personam,
658 1056 1148 1130 quemadmodum
1205 1073 1421 1129 corpus
1469 1063 1529 1114 et
1574 1057 1775 1115 anima
1820 1058 2142 1115 rationalis
2190 1075 2322 1116 con-

237 1163 496 1220 veniunt
540 1162 605 1218 in
651 1176 830 1218 unum
877 1161 1189 1232 hominem,
1251 1161 1530 1232 quoniam
1576 1161 1759 1218 aliter
1804 1160 1937 1218 fieri
1980 1162 2208 1232 nequit,
2255 1168 2323 1219 ut

236 1266 392 1323 idem
425 1266 564 1338 ipse
599 1265 679 1321 sit
708 1264 1018 1336 perfectus
1051 1264 1198 1321 deus
1230 1269 1293 1321 61
1321 1264 1632 1336 perfectus
1663 1264 1851 1321 homo.
1902 1258 2056 1324 Bos.
2105 1264 2323 1322 Totum

235 1369 380 1426 mihi
426 1368 657 1441 placet,
705 1367 861 1440 quod
909 1367 1078 1425 dicis,

412 1566 627 1637 VIII.
681 1565 842 1632 Ana.
890 1573 1112 1631 Restat
1156 1589 1312 1631 nunc
1359 1589 1672 1645 quaerere,
1720 1573 1877 1631 unde
1925 1580 1988 1631 et
2033 1574 2321 1645 quomodo

233 1683 514 1738 assumet
577 1677 722 1733 deus
767 1676 1086 1734 humanam
1132 1681 1430 1734 naturam.
1508 1678 1635 1734 Aut
1679 1678 1835 1734 enim
1881 1682 2146 1735 assumet
2191 1694 2321 1735 eam

235 1783 318 1840 de
362 1781 586 1852 Adam,
635 1785 741 1837 aut
785 1779 976 1838 faciet
1019 1796 1235 1838 novum
1279 1780 1593 1852 hominem,
1641 1780 2131 1852 quemadmodum
2177 1781 2325 1839 fecit

235 1885 439 1943 Adam
493 1884 568 1941 de
613 1883 776 1940 nullo
822 1882 942 1940 alio
988 1883 1242 1940 homine.
1313 1882 1431 1941 Sed
1478 1885 1528 1941 si
1574 1900 1790 1941 novum
1835 1884 2128 1941 hominem
2172 1884 2327 1941 facit

233 2005 358 2048 non
423 2004 500 2044 ex
544 1985 718 2044 Adae
779 2001 1038 2058 genere,
1100 2002 1218 2043 non
1262 1987 1597 2059 pertinebit
1642 1987 1721 2044 ad
1769 2003 1958 2059 genus
2002 1987 2323 2044 humanum

237 2091 401 2164 quod
459 2095 668 2148 natum
714 2095 807 2146 est
854 2089 928 2146 de
972 2089 1201 2160 Adam3
1275 2107 1462 2162 quare
1508 2107 1625 2148 non
1672 2091 1915 2148 debebit
1960 2089 2322 2148 satisfacere

237 2214 350 2269 pro
399 2211 508 2267 e0‚
559 2193 697 2267 quia
742 2210 861 2250 non
907 2193 1025 2251 erit
1071 2192 1144 2251 de
1188 2191 1312 2251 illo.
1391 2193 1559 2253 Sicut
1606 2195 1760 2252 enim
1804 2200 2035 2252 rectum
2082 2199 2208 2267 est,
2257 2200 2325 2252 ut

235 2317 350 2373 pro
417 2297 598 2369 culpa
657 2297 912 2355 hominis
967 2297 1138 2354 homo
1186 2297 1565 2369 satisfaciat,
1634 2298 1723 2355 ita
1770 2315 2014 2356 necesse
2062 2306 2187 2370 est,
2257 2306 2324 2356 ut

239 2402 636 2461 satisfaciens
697 2400 855 2457 idem
916 2401 995 2457 sit
1055 2401 1155 2473 qui
1214 2407 1532 2473 peccator,
1595 2406 1701 2459 aut
1747 2402 2011 2459 eiusdem
2058 2403 2321 2475 generiS,

237 2507 428 2564 aliter
474 2519 730 2577 namque
778 2520 888 2561 nec
933 2504 1147 2573 Adam,
1194 2520 1305 2561 nec
1336 2521 1528 2577 genus
1562 2506 1690 2562 61118
1723 2504 2065 2562 satisfaciet
2093 2521 2202 2576 pro
2236 2521 2318 2562 se.

242 2610 414 2682 Ergo
479 2608 635 2665 sicut
695 2608 768 2664 de
814 2606 1009 2665 Adam
1057 2613 1119 2664 et
1161 2607 1296 2665 Eva
1339 2613 1657 2680 peccatum
1701 2608 1763 2664 in
1812 2623 2011 2664 omnes
2056 2607 2322 2665 homines

243 2719 652 2786 propagatum
721 2716 847 2781 est,
915 2712 1005 2769 ita
1073 2710 1307 2782 nulluS,
1377 2712 1495 2769 nisi
1555 2712 1653 2770 vel
1713 2711 1866 2783 ipsi,
1937 2711 2034 2768 vel
2093 2712 2193 2784 qui
2248 2712 2322 2769 de

241 2818 365 2875 illis
445 2815 753 2888 nascitur,
829 2830 939 2886 pro
1015 2820 1264 2886 peccato
1332 2815 1631 2872 hominum
1700 2814 2060 2873 satisfacere
2122 2816 2319 2873 debet.

237 2920 536 2991 Quoniam
583 2934 728 2991 ergo
774 2918 866 2975 illi
910 2924 1233 2990 nequeunt,
1281 2935 1528 2976 necesse
1577 2923 1669 2976 681
1715 2923 1782 2976 111
1815 2918 1887 2976 de
1920 2919 2043 2977 illis
2076 2920 2173 2990 sit,
2224 2920 2323 2991 qui

240 3024 355 3082 hoc
401 3022 608 3080 faciet.
656 3021 966 3093 Amplius:
1019 3022 1177 3079 sicut
1220 3021 1416 3079 Adam
1465 3027 1525 3079 61
1569 3028 1758 3079 16111111
1806 3038 1997 3094 genus
2046 3024 2173 3079 eius
2213 3039 2323 3093 per

239 3145 308 3185 se
371 3126 648 3183 stetisset
708 3127 836 3183 sine
897 3126 1342 3183 sustentatione
1404 3126 1660 3183 alterius
1724 3133 2043 3183 creaturae
2108 3125 2159 3181 si
2205 3141 2322 3182 non

240 3234 579 3303 peccasset,
621 3229 710 3285 ita
743 3234 1000 3301 oportet,
1034 3235 1102 3286 ut
1135 3230 1186 3287 si
1216 3229 1370 3286 idem
1406 3246 1596 3301 genus
1627 3229 1898 3301 resurgit
1927 3233 2064 3300 post
2097 3244 2319 3297 casum,

239 3351 354 3406 per
413 3350 480 3391 se
538 3337 827 3405 resurgat
888 3337 949 3389 et
1006 3332 1332 3391 relevetur.
1408 3333 1561 3391 Nam
1622 3349 1733 3405 per
1794 3347 2196 3403 quemcunque
2259 3331 2322 3387 in

244 3443 474 3495 statum
519 3452 690 3493 suum
727 3436 1112 3506 restituatur,
1159 3453 1270 3509 per
1308 3436 1477 3493 illum
1510 3436 1715 3508 utique
1751 3436 1959 3506 stabit,
2006 3450 2116 3506 per
2148 3450 2321 3506 quem

245 3545 473 3598 statum
535 3555 704 3597 suum
761 3540 1166 3611 recuperabit.
1245 3540 1409 3597 Deus
1473 3540 1654 3597 etiam
1712 3538 1948 3611 quando
2004 3538 2321 3595 humanam

243 3648 532 3701 naturam
578 3642 857 3715 primitus
902 3642 1051 3700 fecit
1095 3644 1158 3700 in
1205 3643 1330 3701 solo
1376 3643 1571 3701 Adam
1618 3659 1729 3700 nec
1774 3641 2089 3713 feminam,
2136 3647 2204 3698 ut
2250 3641 2325 3698 de

2013 3757 2047 3809 5
