2775 4400
776 256 931 316 CUR
977 257 1184 316 DEUS
1232 257 1481 317 HOMO.
1530 259 1581 316 Ι.
1629 277 1797 317 xx1v.
2243 263 2328 318 55

224 438 388 510 quod
439 439 639 497 debet
682 456 800 498 non
843 441 1090 498 habere.
1135 440 1288 498 Nam
1331 441 1529 513 ipsam
1572 442 1971 514 inpotentiam
2003 441 2184 500 debet
2214 459 2331 500 non

219 541 462 600 habere
485 585 502 614 ,
557 548 626 600 et
669 543 893 601 idcirco
940 543 1223 616 quamdiu
1269 544 1437 602 illam
1482 544 1667 603 habet
1713 545 1843 602 sine
1890 545 2329 618 satisfactione,

218 651 568 716 peccatum
613 651 710 704 est
753 647 876 718 ini;
925 664 1130 706 verum
1176 647 1514 706 huiusmodi
1557 648 1972 706 misericordia
2019 648 2118 706 dei
2158 649 2332 707 nimis

219 753 318 806 est
385 750 719 808 contraria
778 751 1057 808 iusticiae
1103 751 1300 821 illius,
1365 767 1520 823 quae
1575 767 1689 809 non
1737 751 1855 808 nisi
1900 768 2155 824 poenam
2198 768 2331 824 per·

215 852 422 910 mittit
479 853 670 911 reddi
713 859 964 926 propter
1007 859 1339 926 peccatum.
1369 847 1376 856 ’
1412 853 1794 927 Quapropter
1840 855 2332 927 quemadmodum

217 953 409 1012 deum
460 956 591 1014 sibi
638 972 771 1014 esse
817 957 1202 1028 contrarium,
1249 957 1337 1014 ita
1383 957 1497 1016 hoc
1537 957 1710 1015 modo
1742 957 1909 1015 illum
1941 974 2073 1016 esse
2104 958 2330 1015 miseri-

217 1058 487 1116 cordem
530 1059 884 1132 inpossibile
919 1066 1030 1118 est.
1090 1054 1244 1120 Bos.
1293 1059 1493 1118 Aliam
1525 1061 1623 1118 dei
1654 1061 2127 1119 misericordiam
2156 1061 2333 1120 video

221 1177 370 1220 esse
425 1163 868 1235 quaerendam,
916 1180 1091 1236 quam
1138 1165 1336 1222 istam.
1396 1157 1557 1222 Ans.
1606 1163 1829 1222 Verum
1876 1170 2035 1223 esto:
2088 1165 2337 1223 dimittit

221 1264 384 1323 deus
457 1267 521 1323 ei
584 1267 685 1338 qui
746 1283 862 1324 non
923 1268 1104 1325 solvit
1163 1267 1321 1339 quod
1384 1267 1564 1326 debet
1619 1267 1845 1326 idcirco
1893 1269 2170 1340 quoniam
2215 1284 2333 1325 non

220 1374 471 1440 potest.
553 1365 709 1429 Bos.
769 1369 870 1427 Ita
928 1369 1163 1429 vellem.
1242 1362 1403 1428 Ans.
1466 1370 1552 1428 At
1605 1370 1887 1443 quamdiu
1934 1388 2048 1429 non
2095 1370 2330 1442 reddet,

223 1479 343 1530 aut
411 1475 592 1534 volet
644 1473 902 1532 reddere
962 1479 1073 1532 aut
1116 1491 1233 1532 non
1279 1474 1462 1533 volet.
1544 1473 1662 1532 Sed
1710 1474 1762 1533 si
1807 1474 1972 1533 volet
2015 1474 2172 1547 quod
2216 1491 2333 1532 non

225 1578 519 1649 poterit,
589 1577 870 1650 indigens
930 1578 1078 1648 erit3
1156 1579 1207 1635 si
1268 1594 1414 1637 vero
1477 1594 1592 1635 non
1652 1577 1818 1636 volet
1874 1578 2133 1636 iniustus
2194 1578 2331 1635 erit.

230 1673 405 1740 Βοε.
470 1680 606 1738 Hoc
649 1680 797 1738 nihil
843 1681 1086 1738 clarius.
1165 1673 1327 1740 Ans.
1387 1681 1529 1740 Sive
1576 1686 1777 1739 autem
1823 1681 2141 1754 indigens,
2206 1682 2334 1739 sive

229 1783 516 1842 iniustus
562 1784 663 1854 sit,
709 1783 926 1841 beatus
971 1801 1088 1842 non
1135 1785 1269 1842 erit.
1334 1779 1491 1844 Bos,
1538 1784 1621 1842 Et
1664 1785 1776 1843 hoc
1822 1792 2119 1857 apertum.
2168 1777 2330 1842 Ans.

231 1887 551 1958 Quamdiu
599 1902 745 1958 ergo
791 1903 909 1945 non
952 1888 1204 1960 reddet,
1251 1888 1469 1945 beatus
1516 1903 1648 1946 esse
1694 1904 1809 1945 non
1855 1888 2099 1960 poterit.
2177 1881 2331 1946 Bos.

237 1990 309 2049 Si
357 1992 666 2050 rationem
713 1985 1029 2063 sequitur¹
1075 1992 1222 2050 deus
1267 1991 1581 2063 iusticiae,
1643 2007 1759 2048 non
1808 1996 1900 2049 est
1947 2007 2063 2063 qua
2110 1990 2337 2048 evadat

235 2097 437 2153 miser
482 2095 828 2166 homuncio,
878 2106 939 2152 et
981 2095 1398 2153 misericordia
1447 2095 1544 2152 dei
1590 2095 1790 2168 perire
1835 2093 2095 2153 videtur.
2169 2085 2330 2153 Am.

241 2200 578 2259 Rationem
620 2199 963 2272 postulasti,
1009 2200 1306 2258 rationem
1351 2199 1595 2272 accip03
1665 2195 2113 2257 misericordem
2159 2198 2337 2256 deum

244 2320 388 2362 esse
452 2320 571 2360 non
630 2319 820 2376 nego,
895 2304 996 2375 qui
1053 2303 1322 2360 homines
1382 2308 1447 2360 et
1506 2303 1774 2360 iumenta
1835 2302 2070 2374 salvat,
2140 2318 2336 2374 quem-

243 2406 574 2465 admodum
640 2405 1069 2479 multiplicavit
1133 2406 1608 2463 misericordiam
1676 2422 1862 2463 suam.
1939 2405 2063 2462 Nos
2131 2411 2335 2463 autem

245 2510 554 2584 loquimur
600 2510 674 2567 de
718 2509 828 2568 illa
873 2509 1083 2567 ultima
1129 2509 1565 2580 misericordia,
1615 2525 1731 2581 qua
1776 2514 1915 2581 post
1959 2507 2117 2565 hanc
2148 2508 2336 2565 vitam

251 2615 503 2673 beatum
541 2612 696 2671 facit
725 2612 1050 2684 hominem3
1100 2612 1256 2670 hanc
1287 2610 1727 2670 beatitudinem
1758 2610 1908 2668 nulli
1944 2610 2077 2668 dari
2113 2610 2335 2667 debere

251 2717 371 2775 nisi
431 2717 557 2788 illi,
622 2717 716 2774 cui
776 2717 1018 2789 penitus
1065 2716 1309 2773 dimissa
1355 2721 1495 2773 sunt
1538 2720 1828 2788 peccata,
1890 2730 2001 2772 nec
2043 2714 2200 2772 hanc
2248 2713 2331 2771 di-

251 2821 598 2879 missionem
641 2819 773 2877 fieri
805 2818 935 2877 'nisi
979 2819 1182 2877 debito
1227 2818 1490 2891 reddito,
1538 2818 1693 2891 quod
1741 2818 1995 2875 debetur
2039 2834 2150 2891 pro
2199 2834 2333 2890 pec-

256 2930 394 2982 cato
442 2923 766 2981 secundum
812 2922 1287 2995 magnitudinem
1317 2923 1575 2994 peccati,
1625 2937 1811 2994 supra
1841 2923 2056 2994 positis
2087 2922 2335 2979 rationi-

254 3028 368 3085 bus
429 3030 577 3099 puto
637 3042 729 3083 me
792 3024 1154 3084 sufficienter
1213 3024 1569 3083 ostendisse.
1648 3024 1873 3097 Quibus
1935 3025 1987 3087 si
2034 3024 2175 3096 quid
2223 3024 2336 3081 tibi

255 3130 502 3190 videtur
561 3145 736 3201 posse
796 3130 1131 3187 rationibus
1190 3129 1375 3200 obici,
1442 3128 1643 3186 dicere
1703 3128 1905 3186 debeS.
1983 3121 2137 3185 Bos.
2200 3126 2335 3197 Ego

255 3235 464 3307 utique
510 3232 738 3290 nullam
782 3238 1023 3290 tuarum
1068 3234 1370 3290 rationum
1416 3232 1799 3304 aliquatenus
1839 3229 2130 3288 infirmari
2159 3245 2337 3302 posse

257 3337 456 3396 video,
517 3328 678 3395 Ans.
724 3336 934 3409 Neque
982 3352 1114 3410 eg0‚
1162 3337 1214 3394 si
1258 3336 1410 3393 bene
1459 3335 1930 3405 considerentur,
1981 3327 2334 3403 existim023

409 3655 726 3723 ¹sequitur
765 3654 1058 3724 KLMNP3
1095 3657 1195 3709 aL:
1235 3657 1553 3725 sequatur.
1593 3686 1655 3692 --
1699 3654 1925 3707 ²KLN:
1966 3656 2197 3708 estimo,
