2775 4400
646 246 1354 324 CURDEUSHOMO.
1383 235 1487 304 11.
1535 265 1686 305 xvn.
1733 265 1908 306 xv111.
2227 252 2304 327 93

199 434 316 506 qui
392 433 545 490 deus
607 437 798 503 esset,
863 436 926 488 et
995 433 1285 504 quomodo
1334 429 1463 513 sine
1508 438 1759 503 peccato
1810 431 1882 488 de
1926 449 2129 490 massa
2174 451 2308 506 pec-

207 538 463 596 catrice
525 537 748 594 assumi
807 537 1104 608 potuerit,
1166 521 1537 593 monstrasti.
1616 533 1819 592 Vitam
1881 541 2081 593 autem
2134 535 2310 594 huius

201 642 490 698 hominis
555 647 678 698 tam
739 639 1080 710 sublimem,
1155 646 1281 697 tam
1341 639 1676 710 preciosam
1736 639 2117 710 apertissime
2175 658 2309 713 pro·

199 747 426 817 basti,
477 749 548 800 ut
592 743 868 800 sufficere
924 744 1120 814 possit
1165 743 1243 800 ad
1291 742 1639 799 solvendum
1688 743 1843 813 quod
1888 759 1997 814 pro
2043 746 2311 816 peccatis

204 849 420 906 totius
482 847 687 904 mundi
749 846 1037 918 debetur,
1101 851 1162 902 et
1217 846 1354 918 plus
1400 847 1461 903 in
1510 845 1819 902 infinitum.
1898 847 2120 904 Restat
2164 864 2310 920 ergo

203 970 386 1010 nunc
454 951 808 1019 ostendere,
871 949 1157 1022 quomodo
1218 949 1326 1006 illa
1388 949 1662 1007 solvatur
1723 949 1833 1006 deo
1887 967 1997 1022 pro
2043 952 2312 1022 peccatis

210 1057 560 1114 hominum.

404 1235 696 1304 XVIII.
772 1234 934 1300 Ans.
996 1241 1059 1299 Si
1117 1247 1366 1314 propter
1427 1241 1729 1299 iusticiam
1791 1259 1854 1300 se
1899 1243 2175 1313 permisit
2222 1260 2311 1300 oc-

208 1350 388 1420 cidi,
455 1363 652 1429 nonne
713 1346 791 1403 ad
837 1345 1118 1402 honorem
1167 1345 1263 1401 dei
1307 1346 1497 1402 vitam
1546 1360 1713 1402 suam
1760 1344 1973 1401 dedit?
2049 1341 2202 1404 Boe.
2252 1345 2314 1404 Si

215 1468 483 1525 possum
529 1449 886 1528 intellegere
933 1448 1089 1520 quod
1135 1465 1254 1504 non
1301 1448 1541 1518 dubito,
1600 1449 1869 1520 quamvis
1916 1465 2032 1506 nou
2078 1449 2316 1506 videam

217 1554 532 1628 quomodo
590 1551 1042 1610 rationabiliter
1101 1552 1212 1609 hoc
1275 1552 1524 1622 fecerit,
1589 1569 1717 1609 cum
1779 1559 1841 1608 et
1883 1553 2184 1610 iusticiam
2233 1554 2314 1610 in·

219 1656 692 1716 declinabiliter
739 1661 798 1712 et
843 1657 1031 1712 vitam
1079 1671 1248 1712 suam
1281 1654 1693 1712 ‚aeternaliter
1739 1673 1984 1714 servare
2029 1635 2319 1728 potuerit,

219 1761 486 1818 fatebor
545 1757 713 1814 illum
773 1757 898 1814 tale
958 1757 1100 1828 quid
1162 1763 1374 1828 sponte
1437 1756 1675 1813 dedisse
1736 1757 1846 1814 deo
1907 1757 1987 1814 ad
2038 1758 2317 1816 honorem

227 1864 446 1932 illiuS,
513 1861 609 1919 cui
671 1860 952 1932 quicquid
1013 1856 1210 1932 quod¹
1273 1860 1421 1916 deus
1482 1876 1598 1916 non
1660 1865 1753 1916 est
1812 1862 2149 1932 comparari
2201 1879 2316 1918 non

223 1971 482 2038 potest,
557 1970 618 2022 et
685 1964 840 2036 quod
908 1981 1016 2035 pro
1089 1948 1359 2020 omnibus
1422 1963 1676 2019 omnium
1736 1963 2031 2020 hominum
2098 1963 2319 2021 debitis

225 2067 692 2140 recompensari
750 2072 970 2139 potest.
1064 2061 1224 2124 Ans.
1294 2067 1511 2123 Annon
1570 2067 1912 2138 intellegiS,
1990 2068 2131 2138 quia
2192 2085 2319 2126 cum

229 2175 500 2233 iniurias
561 2179 623 2230 et
687 2173 1078 2231 contumelias
1141 2177 1204 2231 et
1260 2177 1510 2229 mortem
1567 2173 1761 2231 crucis
1808 2189 1937 2230 cum
1982 2171 2322 2232 latronibus

230 2280 381 2348 sibi,
473 2278 630 2335 sicut
718 2272 980 2347 supra2-
1040 2276 1328 2347 diximuS,
1418 2282 1670 2347 propter
1758 2276 2061 2334 iusticiam
2147 2278 2333 2349 quam

231 2381 599 2439 obedienter
661 2380 982 2448 servabat,
1061 2379 1268 2436 illatas
1329 2380 1595 2450 benigna
1656 2380 1955 2451 patientia
2014 2382 2319 2451 sustinuit,

241 2482 586 2555 exemplum
636 2482 802 2540 dedit
846 2483 1218 2551 hominibus,
1282 2482 1563 2553 quatinus
1607 2488 1856 2554 propter
1898 2482 2064 2539 nulla
2110 2483 2321 2540 incom-

239 2588 425 2645 moda
473 2603 627 2659 quae
673 2587 899 2643 sentire
945 2592 1230 2657 possunt,
1287 2602 1324 2667 a
1369 2585 1612 2641 iusticia
1703 2601 1876 2656 quam
1926 2585 2035 2641 deo
2084 2586 2321 2658 debent,

241 2690 588 2760 declinent,
653 2689 810 2762 quod
867 2691 1106 2747 minime
1163 2689 1466 2757 dedisset,
1528 2689 1580 2745 si
1626 2689 1947 2745 secundum
1993 2690 2325 2761 potentiam

241 2811 420 2852 suam
479 2798 729 2850 mortem
789 2810 898 2865 pro
961 2793 1073 2850 tali
1137 2808 1318 2850 causa
1378 2791 1614 2849 illatam
1676 2792 2080 2851 declinasset?
2170 2789 2324 2853 Bos.

250 2898 514 2955 Videtur
561 2896 716 2969 quod
764 2896 930 2953 nulla
975 2897 1086 2954 hoc
1133 2895 1466 2968 exemplum
1511 2896 1641 2968 ipse
1674 2898 2039 2953 necessitate
2072 2897 2327 2970 dederit,

245 3001 529 3072 quoniam
591 3000 763 3056 multi
819 3006 962 3056 ante
1009 3000 1334 3058 adventum
1381 3000 1545 3070 eius,
1608 3008 1669 3056 et
1712 2999 2013 3056 Iohannes
2058 3000 2331 3071 baptista

243 3108 390 3175 post
455 3102 780 3161 adventum
851 3108 1020 3161 ante·
1055 3113 1303 3162 mortem
1366 3104 1533 3175 eiUS,
1607 3102 1853 3159 fortiter
1911 3109 2159 3159 mortem
2218 3119 2328 3175 pro

249 3208 516 3266 veritate
576 3208 944 3264 sustinentes
1006 3207 1157 3264 illud
1221 3206 1593 3264 sufficienter
1655 3206 1893 3263 dedisse
1939 3201 2351 3271 noscuntur&

247 3303 416 3369 Ans.
484 3309 700 3367 Nullus
772 3326 1032 3381 unquam
1091 3310 1262 3367 homo
1322 3308 1626 3366 moriendo
1687 3314 1933 3381 praeter
1993 3298 2159 3366 illum
2221 3309 2329 3365 deo

403 3570 602 3639 ¹qu0d
639 3574 770 3622 ante
809 3570 958 3623 deus
985 3569 1393 3623 om.KMNOP.
1436 3601 1499 3607 —-
1543 3570 1561 3603 ²
1584 3568 1698 3622 Cfr.
1726 3584 1845 3635 cap.
1866 3569 1964 3623 XI.
2004 3600 2067 3607 —
2110 3568 2331 3621 3KNP:

249 3659 734 3726 cognoscuntur.
