2775 4400
29 4357 34 4360 ,
24 4026 32 4329 ὴ-ᾳ-Ἧ-
22 3620 30 4011 —-—————-
22 3598 24 3607 -

463 287 543 340 24
1311 281 1675 342 ANSELMI

459 467 838 538 pepercisse,
901 466 1007 524 sed
1067 483 1177 539 pro
1241 467 1418 525 nobis
1478 472 1813 540 spontanea
1868 466 2180 526 voluntate
2226 483 2291 524 se
2334 468 2525 539 ipsum

457 569 787 628 tradidisse
832 575 997 627 recte
1045 569 1298 628 dicitur:
1349 571 1483 643 quis
1528 576 1712 643 neget
1755 577 1923 629 recte
1966 570 2104 642 dici,
2152 571 2293 644 quia
2330 577 2524 643 pater,

461 690 497 730 a
543 689 657 745 quo
702 672 884 730 talem
932 674 1303 732 voluntatem
1349 673 1580 744 habuit,
1630 673 1723 731 illi
1767 691 1883 732 non
1926 674 2220 747 pepercit,
2268 673 2374 732 sed
2418 690 2527 746 pro

389 774 404 779 ”
461 776 631 834 nobis
689 775 948 834 tradidit
1004 777 1174 834 illum
1235 783 1296 834 et
1353 784 1604 835 mortem
1665 778 1795 835 eius
1854 778 2089 836 voluit?
2162 777 2295 836 Hoc
2348 763 2528 836 etiam

459 879 630 937 modo
665 879 1184 938 <indeclinabiliter
1231 887 1292 938 et
1335 886 1550 954 sponte
1596 881 1895 940 servando
1942 888 2252 954 acceptam
2283 898 2321 939 a
2350 886 2527 954 patre

460 983 830 1042 voluntatem
874 983 1032 1041 filius
1076 984 1277 1042 factus
1323 990 1418 1041 est
1461 984 1553 1042 illi
1600 984 1885 1043 obediens
1928 1001 2116 1057 usque
2148 984 2226 1042 ad
2258 989 2527 1055 mortem,

461 1093 523 1144 et
566 1087 780 1145 didicit
824 1104 898 1145 ex
940 1087 1033 1145 his
1073 1104 1228 1160 quae
1259 1105 1476 1161 passus
1508 1094 1602 1146 est
1632 1088 2055 1160 obedientiam,
2099 1088 2163 1145 id
2195 1094 2307 1159 est,
2354 1104 2528 1160 quam

458 1207 681 1263 magna
738 1206 840 1248 res
898 1189 1182 1250 facienda
1243 1193 1323 1249 sit
1380 1208 1491 1264 per
1552 1191 1971 1249 obedientiam.
2049 1191 2201 1249 Nam
2249 1197 2393 1249 tunc
2437 1199 2533 1248 est

461 1294 713 1366 simplex
774 1299 835 1351 et
891 1310 1040 1353 vera
1101 1295 1446 1352 obedientia
1470 1339 1483 1366 ,
1562 1312 1692 1353 cum
1751 1295 2072 1353 rationalis
2131 1302 2353 1354 natura
2414 1310 2529 1352 non

459 1399 853 1469 necessitate,
891 1397 998 1454 sed
1043 1404 1255 1470 sponte
1304 1403 1513 1456 servat
1554 1397 1926 1457 voluntatem
1972 1415 2009 1456 a
2054 1398 2163 1455 deo
2196 1404 2527 1471 acceptam.

458 1500 615 1560 Aliis
676 1517 907 1573 quoque
967 1500 1156 1559 modis
1213 1506 1380 1558 recte
1441 1517 1754 1573 possumus
1813 1505 2051 1572 patrem
2115 1501 2376 1559 voluisse
2421 1501 2532 1557 fflii

459 1610 710 1662 mortem
740 1604 1118 1676 intellegere,
1153 1604 1425 1676 quamvis
1458 1604 1561 1660 isti
1594 1604 1826 1675 possint
1856 1602 2153 1661 sufficere.
2188 1602 2339 1661 Nam
2374 1605 2534 1661 sicut

459 1708 616 1767 velle
677 1707 924 1765 dicimus
987 1724 1119 1764 011111
1178 1707 1279 1780 qui
1333 1707 1519 1778 facit,
1581 1712 1649 1764 ut
1693 1707 1852 1764 alius
1898 1706 2081 1777 velit,
2142 1706 2233 1764 ita
2280 1705 2532 1763 dicimus

461 1813 641 1869 etiam
686 1812 855 1869 illum
900 1811 1055 1869 velle
1102 1812 1201 1884 qui
1233 1828 1351 1870 non
1381 1811 1555 1882 facit,
1602 1816 1670 1869 ut
1700 1810 1856 1868 alius
1886 1810 2055 1880 velit,
2090 1809 2195 1867 sed
2228 1809 2535 1882 approbat

461 1917 602 1988 quia
668 1915 830 1973 vult:
906 1921 974 1972 ut
1027 1931 1159 1974 011111
1225 1914 1494 1973 videmus
1559 1914 1818 1987 aliquem
1878 1914 2123 1971 fortiter
2181 1913 2312 1985 pati
2373 1911 2533 1970 velle

458 2019 812 2090 molestiam,
859 2025 927 2076 ut
969 2018 1247 2091 perficiat
1291 2019 1449 2090 quod
1493 2019 1646 2076 bene
1693 2018 1858 2088 vult3
1908 2017 2179 2089 quamvis
2224 2018 2534 2074 fateamur

460 2137 567 2178 nos
612 2121 802 2192 velle,
851 2129 918 2178 ut
960 2122 1127 2179 illam
1172 2138 1426 2194 poenam
1472 2122 1802 2191 sustineat,
1852 2136 1966 2177 non
2010 2125 2213 2177 tamen
2261 2120 2533 2178 volumus

460 2231 568 2282 aut
612 2240 878 2281 amamus
920 2241 1174 2296 poenam
1221 2225 1381 2295 01110,
1432 2224 1538 2281 sed
1585 2224 1975 2282 voluntatem.
2051 2223 2230 2281 Illum
2278 2239 2531 2296 quoque,

460 2328 560 2399 qui
605 2327 930 2400 prohibere
971 2333 1176 2399 potest
1221 2334 1283 2385 et
1327 2344 1446 2384 non
1490 2326 1789 2400 prohibet,
1838 2327 2095 2385 solemus
2144 2326 2343 2385 dicere
2391 2328 2533 2399 quia

460 2430 593 2489 vult
636 2430 792 2503 quod
837 2447 953 2488 non
1000 2430 1316 2503 prohibetu
1358 2430 1645 2501 Quoniam
1694 2446 1843 2502 ergo
1886 2430 2050 2502 patri
2095 2430 2203 2487 filii
2250 2430 2533 2488 voluntas

428 2533 708 2608 placuit,
757 2550 866 2592 nec
909 2534 1218 2606 prohibuit
1263 2550 1396 2592 eum
1441 2533 1598 2593 velle
1645 2542 1755 2591 aut
1796 2533 2029 2607 inplere
2077 2532 2231 2605 quod
2265 2532 2567 2604 volebat,

459 2644 626 2697 recte
672 2638 964 2710 voluisse,
1025 2644 1093 2695 ut
1136 2638 1294 2696 filius
1339 2644 1590 2695 mortem
1636 2644 1761 2697 tam
1806 2638 1940 2710 pie,
1988 2645 2111 2694 tam
2159 2634 2391 2693 utiliter
2438 2651 2531 2693 su·

460 2743 734 2813 stineret‚
782 2743 1052 2815 quamvis
1097 2758 1352 2814 poenam
1396 2742 1524 2799 eius
1556 2758 1671 2798 11011
1704 2748 1955 2811 amaret,
2002 2739 2351 2797 affirmatur.
2398 2738 2531 2796 Non

461 2853 660 2901 autem
716 2847 992 2917 ¹potuisse
1050 2846 1297 2903 calicem
1341 2845 1607 2903 transire
1654 2845 1769 2901 11101
1814 2844 2050 2912 biberet
2093 2833 2292 2914 illum,
2358 2842 2529 2912 dixit,

461 2964 577 3005 11011
623 2949 763 3020 quia
809 2966 925 3007 non
968 2954 1175 3021 posset
1217 2954 1469 3005 mortem
1515 2949 1712 3005 vitare
1759 2947 1810 3003 si
1842 2945 2046 3017 vellet,
2094 2945 2201 3003 sed
2233 2946 2531 3018 quoniam,

461 3052 618 3109 sicut
678 3052 898 3109 dictum
945 3057 1071 3123 est,
1134 3051 1415 3108 mundum
1462 3056 1597 3107 erat
1642 3049 1823 3106 aliter
1868 3049 2218 3121 inpossibile
2266 3049 2531 3118 salvari3

463 3160 524 3213 et
567 3156 698 3227 ipse
743 3154 1253 3217 indeclinabiliter
1299 3153 1545 3212 volebat
1589 3153 1790 3225 potius
1834 3158 2083 3209 mort-em
2127 3152 2293 3225 pati,
2356 3169 2534 3224 quam

461 3265 529 3316 ut
573 3258 826 3315 mundus
873 3274 988 3315 non
1035 3258 1401 3315 salvaretur.
1447 3256 1683 3313 Idcirco
1733 3262 1932 3312 autem
1977 3254 2086 3313 illa
2127 3256 2315 3313 verba
2358 3255 2530 3326 dixit,

461 3368 528 3419 ut
574 3362 817 3419 doceret
859 3360 1177 3418 humanum
1209 3376 1400 3432 genus
1435 3359 1616 3416 aliter
1648 3358 1877 3417 salvari
1909 3375 2025 3416 non
2055 3359 2322 3431 potuisse
2356 3375 2533 3431 quam

459 3481 569 3537 per
613 3472 862 3522 mortem
907 3479 1092 3535 suam,
1141 3480 1258 3521 non
1303 3470 1371 3521 ut
1403 3462 1752 3520 ostenderet
1783 3479 1847 3519 se
1877 3468 2125 3520 mortem
2157 3477 2533 3535 nequaquam
2590 3533 2597 3539 .

395 3634 425 3641 .-
461 3568 724 3627 valuisse
771 3568 987 3625 vitare.
1035 3566 1187 3625 Nam
1235 3582 1624 3640 quaecunque
1673 3566 1746 3624 de
1786 3566 1891 3624 illo
1933 3566 2212 3623 dicuntur
2251 3566 2345 3622 his
2378 3581 2534 3638 quae

459 3672 624 3730 dicta
671 3676 812 3729 sunt
853 3671 1090 3743 similia,
1139 3672 1226 3729 010
1257 3678 1396 3729 sunt
1428 3670 1801 3742 exponenda,
1849 3677 1918 3727 ut
1948 3668 2114 3727 nulla
2144 3670 2530 3740 necessitate,
