2775 4400
271 1299 321 1352 ξ’*

270 1489 322 1827 φ’ξῦἓθῧξθ

244 2807 324 2860 10.

245 3093 326 3145 11.

247 3278 326 3332 12.

737 911 1134 979 cAPITULA
1180 879 1517 999 sucum
1561 909 1809 976 LIBRI.

379 1295 538 1363 Quod
572 1298 736 1351 homo
773 1311 808 1350 a
845 1297 947 1350 deo
985 1295 1174 1351 factus
1211 1297 1290 1350 sit
1327 1296 1530 1364 iustus,
1566 1299 1633 1350 ut
1670 1295 1771 1350 deo
1798 1295 2075 1350 fruend0¹
2112 1294 2311 1351 beatus

378 1395 546 1447 esset.
1064 1386 1069 1391 ’

380 1486 540 1553 Quod
575 1501 686 1541 non
721 1489 1052 1553 moreretur,
1091 1487 1140 1539 si
1177 1500 1288 1540 non
1323 1489 1632 1554 peccasset.

379 1582 539 1649 Quod
575 1597 698 1637 cum
735 1595 969 1648 corpore
1007 1581 1064 1634 in
1103 1595 1210 1647 quo
1252 1582 1403 1635 vivit
1440 1583 1499 1635 in
1533 1581 1639 1634 hac
1676 1579 1817 1647 vita,
1854 1584 2139 1648 resurgat.

379 1676 538 1743 Quod
576 1677 643 1730 de
680 1676 920 1730 humana
956 1680 1161 1731 natura
1198 1675 1456 1744 perficiet
1495 1676 1630 1730 deus
1671 1675 1820 1741 quod
1857 1675 2071 1742 incepit
2091 1675 2131 1728 ².

377 1770 537 1837 Quod
586 1772 838 1837 quamvis
888 1770 992 1823 hoc
1041 1784 1268 1824 necesse
1305 1771 1383 1823 sit
1421 1769 1583 1836 fieri,
1629 1773 1816 1822 tamm
1851 1768 1955 1821 hoc
1991 1781 2102 1821 non
2138 1767 2314 1822 faciet

379 1869 616 1932 cogente
653 1865 1011 1931 necessitate,
1050 1868 1108 1918 et
1145 1864 1293 1930 quod
1331 1866 1409 1918 sit
1445 1865 1754 1917 necessitas
1793 1877 1934 1929 quae
1973 1861 2163 1916 aufert
2188 1877 2314 1930 gra-

378 1960 517 2012 tiam
553 1961 654 2012 aut
688 1958 910 2025 minuit,
949 1967 1007 2012 et
1043 1958 1121 2012 sit
1158 1960 1467 2012 necessitas
1507 1971 1647 2024 quae
1684 1960 1876 2025 auget.

379 2052 539 2119 Quod
587 2051 1035 2107 satisfactionem
1087 2067 1189 2120 per
1237 2068 1401 2119 quam
1452 2051 1710 2106 salvatur
1746 2052 1939 2120 1101110,
1983 2066 2093 2104 11011
2129 2053 2314 2119 possit

377 2147 563 2202 facere
599 2146 712 2201 nisi
746 2145 908 2200 homo
949 2147 1102 2202 deus.

380 2241 539 2308 Quod
591 2256 818 2297 necesse
874 2245 951 2297 sit
1006 2244 1240 2297 eundem
1294 2244 1478 2311 ipsum
1534 2258 1656 2297 esse
1708 2242 2021 2311 perfectum
2059 2244 2221 2297 deum
2258 2247 2316 2296 et

378 2336 688 2404 perfectum
726 2335 1022 2391 hominem.

380 2428 540 2495 Quod
575 2446 645 2483 ex
680 2446 888 2498 genere
914 2432 1072 2486 Adae
1109 2436 1204 2487 et⁸
1242 2434 1309 2487 de
1345 2433 1572 2501 virgine
1610 2432 1818 2486 femina
1856 2433 2017 2487 deum
2053 2436 2315 2500 oporteat

380 2538 664 2577 assumere
698 2525 992 2579 hominem.

383 2616 542 2683 Quod
589 2632 816 2672 necesse
864 2621 943 2673 sit
978 2620 1224 2675 Verbum
1264 2621 1443 2675 solum
1481 2625 1540 2674 et
1574 2620 1853 2674 hominem
1892 2622 1952 2673 in
1988 2635 2153 2673 unam
2191 2634 2316 2674 con-

379 2713 571 2766 venire
607 2727 921 2781 personam.

387 2806 547 2873 Quod
583 2807 730 2861 idem
766 2806 928 2860 homo
966 2822 1076 2861 non
1104 2823 1174 2862 ex
1199 2807 1390 2862 debito
1414 2809 1710 2877 moriatur,
1748 2812 1805 2862 et
1830 2808 2103 2874 quomodo
2130 2810 2316 2875 possit

377 2902 471 2957 vel
506 2917 615 2957 non
648 2904 832 2970 possit
865 2918 1117 2972 peccare,
1155 2907 1214 2957 et
1240 2919 1338 2957 cur
1365 2902 1464 2958 ille
1489 2904 1582 2958 vel
1607 2902 1843 2973 angelus
1869 2903 1935 2957 de
1962 2918 2063 2958 sua
2086 2904 2316 2957 iusticia

378 2996 708 3065 laudandus,
746 3012 868 3051 cum
903 3012 1137 3065 peccare
1176 3013 1285 3052 non
1321 3001 1524 3068 possit.

381 3090 540 3157 Quod
598 3093 875 3147 moriatur
923 3107 992 3146 ex
1044 3109 1146 3147 sua
1191 3098 1480 3161 potestate
1530 3099 1589 3149 et
1636 3094 1782 3159 quod
1832 3091 2154 3147 mortalitas
2204 3105 2313 3145 non

379 3185 667 3250 pertineat
703 3187 776 3239 ad
812 3202 1008 3254 puram
1044 3188 1286 3242 hominis
1324 3192 1600 3242 naturam.

382 3276 542 3343 Quod
579 3281 832 3344 quamvis
859 3282 1331 3336 incommodorum
1354 3288 1677 3337 nostrorum
1701 3282 1987 3350 particeps
2016 3281 2111 3347 sit,
2145 3264 2333 3332 miser'

382 3375 568 3426 tamen
605 3386 715 3426 non
753 3375 846 3427 sit.

387 3599 533 3652 ¹deo
568 3595 839 3667 fruendo
876 3609 980 3648 om.
1018 3594 1185 3649 NOP.
1223 3626 1288 3634 —
1330 3596 1508 3650 ²KN:
1558 3597 1875 3666 inceperit.
1915 3627 1978 3635 —
2021 3598 2120 3651 ⁸et
2158 3597 2317 3651 deest

249 3694 302 3746 in
338 3692 464 3747 ΚΝ.
