2775 4400
232 1410 286 1746 2²9³!*92*

233 3027 282 3081 9.

786 991 1184 1058 CAPITULA
1229 991 1464 1058 PRIMI
1508 991 1753 1060 LIBRI.

1120 1201 1430 1209 .-—————.

351 1407 639 1476 Quaestio,
677 1409 744 1463 de
783 1425 890 1478 qua
927 1414 1110 1465 totum
1148 1425 1288 1478 opus
1324 1411 1549 1478 pendet.

349 1502 634 1569 Quomodo
673 1506 1000 1573 accipienda
1036 1506 1154 1560 sint
1191 1520 1331 1573 quae
1372 1505 1608 1560 dicenda
1646 1509 1794 1560 sunt.

348 1597 706 1654 Obiectiones
744 1600 1054 1656 infidelium
1089 1604 1148 1655 et
1183 1589 1579 1669 responsiones
1618 1599 1884 1654 fidelium.

346 1692 505 1759 Quod
541 1694 646 1748 hae
681 1697 1075 1768 responsiones
1111 1695 1413 1750 videantur
1450 1694 1771 1749 infidelibus
1810 1695 1931 1748 sine
1968 1695 2308 1748 necessitate

345 1792 404 1840 et
442 1790 605 1853 quasi
643 1789 912 1854 quaedam
948 1791 1224 1856 picturae.

346 1880 506 1948 Quod
541 1882 854 1950 redemptio
891 1883 1132 1937 hominis
1170 1898 1282 1937 non
1315 1885 1509 1951 potuit
1546 1883 1671 1937 fieri
1697 1897 1799 1950 per
1826 1883 1995 1936 aliam
2021 1899 2183 1949 quam
2208 1898 2309 1950 per

345 1975 436 2029 dei
472 1990 784 2043 personam.

345 2068 604 2136 Qualiter
650 2072 1063 2139 reprehendant
1110 2072 1363 2126 infideles
1418 2073 1567 2139 quod
1612 2073 1876 2141 dicimus,
1930 2073 2091 2127 deum
2126 2076 2307 2127 morte

346 2181 447 2221 sua
493 2181 596 2222 nos
644 2167 948 2223 redemisse
993 2172 1052 2223 et
1099 2169 1180 2224 sic
1217 2168 1578 2224 dilectionem
1618 2182 1775 2223 suam
1812 2183 1949 2238 erga
1986 2182 2087 2223 nos
2125 2172 2309 2223 osten-

344 2262 494 2317 disse
533 2267 591 2317 et
626 2278 728 2330 pro
765 2264 926 2319 nobis
964 2264 1244 2319 diabolum
1283 2280 1608 2334 expugnare
1644 2265 1884 2319 venisse.

345 2356 504 2422 Quod
550 2358 763 2413 nullam
809 2360 1066 2414 diabolus
1101 2360 1343 2415 habebat
1381 2362 1669 2415 iusticiam
1706 2360 1978 2414 adversus
2014 2360 2308 2426 hominem,

344 2456 404 2505 et
454 2467 624 2517 quare
672 2454 935 2509 videatur
971 2454 1234 2509 habuisse
1282 2460 1341 2510 et
1378 2471 1479 2510 cur
1517 2456 1653 2510 deus
1690 2455 1795 2509 hoc
1830 2454 1993 2508 modo
2030 2455 2309 2508 hominem

347 2543 682 2601 liberaverit
705 2551 738 2601 ¹.

347 2638 662 2709 Quomodo,
711 2642 848 2697 licet
894 2643 1130 2697 humilia
1167 2658 1307 2710 quae
1346 2644 1585 2697 dicimus
1626 2644 1693 2697 de
1732 2643 1989 2711 Christo,
2041 2657 2151 2696 non
2187 2658 2308 2710 per-

343 2736 566 2791 tineant
589 2737 662 2791 ad
683 2738 1059 2805 divinitatem,
1082 2742 1271 2793 tamen
1289 2740 1689 2793 inconveniens
1705 2739 1969 2793 videatur
1990 2737 2308 2792 infidelibus

347 2850 414 2889 ea
463 2836 577 2889 dici
625 2836 693 2888 de
740 2833 840 2887 illo
893 2834 1194 2889 secundum
1240 2834 1517 2888 hominem
1540 2874 1554 2901 ,
1603 2837 1663 2888 et
1708 2834 1855 2887 unde
1893 2833 2011 2887 illis
2048 2834 2310 2887 videatur

345 2931 491 2985 idem
526 2931 688 2985 homo
725 2944 836 2983 non
874 2934 1073 2997 sponte
1109 2934 1365 2984 mortuus
1405 2944 1545 2984 esse.

345 3025 504 3092 Quod
540 3006 740 3094 sponte
774 3028 1030 3081 mortuus
1070 3027 1174 3095 sit,
1225 3029 1284 3080 et
1321 3025 1456 3091 quid
1494 3027 1572 3080 sit
1606 3026 1821 3095 faetus
1859 3024 1988 3078 επὶ
2026 3023 2309 3078 obediens

342 3136 533 3191 usque
559 3121 644 3175 ad
669 3124 944 3189 mortem,
969 3126 1027 3176 et
1041 3124 1306 3191 propter
1327 3121 1491 3191 quod
1512 3124 1569 3175 et
1582 3121 1733 3175 deus
1748 3121 1927 3174 illum
1942 3120 2249 3173 eoealtavit
2266 3121 2306 3186 ³,

345 3219 404 3267 et
459 3230 583 3268 non
618 3216 755 3269 veni
799 3217 1010 3285 facere
1046 3217 1424 3270 voluntatem
1462 3230 1663 3269 meam
1680 3217 1704 3251 4
1714 3256 1731 3284 ,
1789 3218 1849 3268 et
1878 3215 2147 3283 proprio
2181 3213 2309 3283 filio

345 3324 455 3363 suo
477 3324 600 3363 non
614 3311 897 3379 pepercit
919 3286 1130 3379 deu-932*
1154 3314 1212 3364 et
1231 3326 1354 3364 non
1373 3310 1535 3364 sicut
1561 3325 1666 3380 eqo
1686 3310 1840 3378 υοῑο,
1881 3309 1991 3363 sed
2008 3309 2171 3362 sicut
2189 3311 2254 3362 tu
2272 3310 2310 3362 ⁶.

379 3533 598 3587 lKNP:
656 3533 946 3587 habuisse
997 3548 1108 3587 cur
1163 3564 1230 3572 —
1284 3532 1598 3587 liberaret.
1655 3563 1720 3571 —
1779 3531 1927 3587 2ΚΝ
1976 3547 2079 3586 om.
2119 3536 2208 3585 est
2244 3563 2309 3571 -—

238 3629 520 3698 ⁸Phi1ipp.
556 3630 618 3697 2,
669 3629 718 3684 s.
755 3629 806 3684 9.
844 3659 911 3668 -
949 3628 1110 3682 ⁴10h.
1147 3628 1209 3696 6,
1257 3628 1340 3683 38.
1380 3659 1447 3667 —
1488 3627 1687 3682 ⁵R0m.
1724 3628 1785 3696 8,
1834 3628 1918 3684 32.
1958 3659 2025 3667 -
2066 3628 2308 3681 ⁶Matth.

236 3726 318 3792 26,
355 3725 439 3779 39.
