2775 4400
831 251 987 311 CUR
1033 251 1240 312 DEUS
1287 253 1535 312 HOMO.
1584 254 1668 313 ΙΙ.
1716 246 1773 312 x.
2262 259 2339 313 71

252 426 429 492 Ano.
482 433 706 506 Angeli
752 451 868 492 non
914 443 1055 494 sunt
1095 437 1391 494 laudandi
1439 437 1511 495 de
1556 437 1798 495 iusticia
1845 454 1972 507 sua,
2025 439 2165 510 quia
2209 455 2343 511 pec·

247 554 406 595 care
457 543 801 610 potuerunt,
851 540 956 597 sed
1003 541 1144 612 quia
1185 557 1294 612 per
1323 540 1435 598 hoc
1465 541 1721 613 quodam
1751 541 1923 599 modo
1955 557 1992 599 a
2024 557 2088 598 se
2119 541 2347 598 habent

247 641 426 714 qnod
487 658 745 714 peccare
804 650 1139 716 nequeunt,
1202 645 1264 701 in
1327 661 1442 717 quo
1504 621 1889 717 aliqua-tenus
1934 645 2159 702 similes
2206 651 2347 702 sunt

248 745 374 802 deo
399 789 416 816 ,
483 746 585 817 qui
645 763 681 803 a
743 763 807 804 se
867 747 1052 805 habet
1107 747 1385 820 quicquid
1434 748 1637 830 habet.
1714 748 1952 806 Dicitur
1997 749 2151 805 enim
2199 747 2346 806 dare

245 847 502 920 aliquid
559 849 660 920 qui
703 866 820 907 non
867 849 1072 908 aufert
1118 851 1358 922 quando
1405 855 1642 923 potest,
1703 856 1765 909 et
1807 851 2013 909 facere
2061 867 2192 908 esse
2238 851 2347 909 ali·

248 950 408 1022 qnid
464 952 565 1023 qui
613 969 742 1010 cum
786 954 980 1024 possit
1023 953 1087 1010 id
1130 954 1324 1026 ipsum
1369 953 1577 1012 facere
1621 970 1739 1012 non
1785 971 1950 1027 esse,
2012 971 2130 1011 non
2174 954 2355 1016 facit,

248 1053 362 1112 Sic
428 1055 638 1127 itaque
701 1073 831 1114 cum
893 1057 1149 1130 angelus
1208 1057 1408 1130 potuit
1438 1057 1715 1115 -auferre
1768 1058 1885 1115 sibi
1937 1058 2241 1115 iusticiam
2288 1061 2349 1114 et

252 1174 383 1214 non
451 1157 739 1230 abstulit,
803 1164 864 1216 et
923 1160 1128 1218 facere
1190 1177 1254 1218 se
1300 1177 1419 1218 non
1465 1177 1598 1218 esse
1642 1161 1865 1218 iustum
1911 1166 1973 1218 et
2016 1176 2132 1218 non
2178 1161 2345 1231 fecit,

251 1266 437 1320 recte
507 1263 804 1320 asseritur
870 1263 1000 1335 ipse
1071 1265 1186 1322 sibi
1255 1264 1495 1322 dedisse
1557 1265 1892 1336 iusticiam,
1964 1269 2026 1321 et
2086 1265 2349 1336 seipsum

251 1365 497 1422 iustum
542 1363 778 1422 fecisse.
827 1365 958 1425 Hoc
1002 1367 1193 1440 igitur
1239 1366 1412 1425 modo
1458 1368 1644 1425 habet
1674 1384 1712 1424 a
1744 1383 1807 1424 se
1838 1367 2159 1439 iusticiam,
2208 1367 2349 1438 quia

254 1474 560 1525 creatura
623 1485 755 1526 eam
815 1470 999 1527 aliter
1057 1488 1094 1528 a
1156 1487 1219 1528 se
1274 1471 1499 1528 habere
1545 1471 1787 1543 nequit,
1851 1470 2177 1529 etidcirco
2222 1470 2348 1528 lau-

255 1572 512 1629 dandus
559 1577 654 1629 est
698 1572 771 1630 de
819 1590 928 1632 sua
972 1575 1251 1646 iusticia,
1301 1591 1412 1633 nec
1457 1560 1859 1646 necessitate,
1909 1573 2015 1631 sed
2058 1573 2349 1632 libertate

253 1676 470 1732 iustus
517 1681 644 1747 est,
693 1677 832 1748 quia
877 1678 1187 1750 inproprie
1235 1678 1457 1736 dicitur
1500 1679 1866 1749 necessitas,
1914 1678 2017 1735 ubi
2062 1694 2174 1736 nec
2218 1695 2349 1736 eoa-

258 1781 394 1837 ctio
455 1779 582 1837 ulla
647 1785 770 1852 est,
833 1797 944 1838 nec
1003 1781 1351 1854 prohibitio.
1410 1781 1811 1854 ,Quapropter
1872 1781 2149 1853 quoniam
2204 1781 2351 1838 deus

257 1883 549 1955 perfecte
594 1884 781 1941 habet
823 1901 860 1942 a
907 1901 970 1943 se
1017 1885 1299 1958 quicquid
1339 1885 1543 1956 habet,
1590 1885 1695 1943 ille
1724 1885 1979 1943 maxime
2010 1883 2352 1943 laudandus

259 1993 368 2044 est
433 1987 506 2044 de
561 1988 765 2060 boniS,
831 2005 984 2060 quae
1037 1988 1224 2046 habet
1269 1995 1331 2046 et
1377 1995 1586 2046 servat
1630 2005 1746 2045 non
1793 1988 1919 2046 ulla
1963 1989 2350 2059 necessitate,

260 2091 417 2162 sed,
473 2092 632 2148 sicut
675 2086 901 2164 supra¹
951 2092 1107 2166 dixi,
1151 2093 1405 2164 propria
1453 2098 1515 2149 et
1560 2097 1812 2150 aeterna
1857 2092 2349 2150 inmutabilitate.

263 2193 376 2255 Sic
423 2212 569 2269 ergo
615 2195 784 2254 homo
831 2195 934 2254 ille
981 2198 1082 2269 qui
1126 2196 1285 2255 idem
1329 2198 1461 2269 ipse
1510 2195 1656 2254 deus
1690 2198 1826 2268 erit,
1875 2173 2152 2269 quoniam
2185 2213 2353 2254 omne

265 2299 495 2357 bonum
555 2300 711 2371 quod
771 2301 902 2373 ipse
957 2301 1209 2357 habebit
1269 2318 1306 2358 a
1353 2317 1417 2357 se
1462 2300 1744 2373 habebit,
1805 2317 1923 2357 non
1967 2301 2353 2372 necessitate,

267 2403 386 2460 sed
429 2403 718 2460 libertate
763 2409 824 2462 et
869 2421 906 2462 a
953 2421 1018 2461 se
1063 2405 1196 2476 ipso
1242 2404 1441 2461 iustus
1488 2410 1550 2461 et
1589 2404 1813 2461 idcirco
1845 2404 2187 2471 laudandus
2219 2404 2352 2461 erit.

266 2505 562 2576 Quamvis
609 2507 763 2564 enim
808 2513 1030 2565 natura
1075 2508 1335 2564 humana
1381 2524 1419 2564 a
1469 2506 1675 2565 divina
1708 2494 1947 2564 'habeat
1989 2506 2144 2578 quod
2176 2506 2355 2563 habe-

269 2609 390 2681 bit,
439 2609 598 2668 idem
642 2615 844 2669 tamen
889 2612 1020 2683 ipse
1066 2628 1104 2669 a
1150 2611 1369 2682 seipse,
1421 2610 1698 2682 quoniam
1746 2610 1900 2667 duae
1946 2615 2205 2666 naturae
2236 2625 2357 2666 una

271 2730 540 2786 persona
585 2719 781 2786 erunt,
827 2715 1094 2772 habebit.
1175 2708 1328 2773 Boc.
1394 2712 1765 2771 Satisfecisti
1810 2712 1953 2769 mihi
2002 2728 2075 2769 ex
2119 2712 2249 2783 hoc,
2298 2719 2360 2770 et

270 2823 497 2891 aperte
542 2818 751 2890 video,
809 2820 950 2890 quia
996 2824 1058 2876 et
1100 2834 1357 2891 peccare
1402 2834 1521 2875 non
1565 2817 1828 2890 poterit,
1879 2822 1940 2873 et
1985 2822 2187 2875 tamen
2231 2816 2357 2874 lau·

273 2921 516 2979 dandus
579 2922 696 2980 erit
756 2923 829 2980 de
887 2923 1132 2980 iusticia
1195 2938 1322 2979 sua.
1404 2920 1520 2979 Sed
1582 2937 1739 2979 nunc
1785 2904 2194 2993 ¹quaerendum
2241 2921 2358 2977 exi-

275 3021 534 3096 81111ιοῖ,
594 3041 723 3082 cum
771 3026 916 3083 deus
955 3008 1146 3083 'talem
1191 3019 1426 3098 possit³
1473 3024 1678 3083 facere
1722 3025 2048 3095 hominem,
2098 3040 2203 3082 cur
2243 3039 2361 3080 non

275 3128 440 3187 tales
485 3129 635 3187 fecit
679 3130 929 3203 angelos
978 3134 1039 3187 et
1085 3130 1232 3187 duos
1277 3131 1502 3202 primos
1546 3129 1832 3199 homineS,
1880 3134 1948 3185 ut
1989 3127 2266 3185 similiter
2302 3133 2363 3183 et
2442 3157 2451 3165 ·

278 3249 539 3307 peccare
600 3250 716 3290 non
771 3240 1054 3306 possent,
1122 3239 1184 3291 et
1239 3234 1313 3321 de
1358 3233 1601 3291 iusticia
1648 3248 1756 3289 sua
1800 3231 2095 3289 laudandi
2140 3235 2359 3288 essent.

280 3330 445 3395 Ans.
491 3335 814 3410 Intellegis
861 3337 1002 3409 quid
1051 3337 1265 3395 dicas?
1342 3331 1496 3396 Boe.
1544 3335 1771 3393 Videor
1815 3335 1958 3394 mihi
2002 3334 2363 3406 intellegere

434 3570 602 3637 ¹Cap.
641 3572 708 3625 V.
747 3601 810 3610 —
853 3571 1181 3625 ²eoez’stimo
1219 3568 1515 3638 KMNOP3
1574 3569 1674 3622 aL:
1732 3570 2006 3623 aestimo.
2046 3598 2109 3606 —
2152 3566 2363 3622 ³EFL:

286 3661 517 3727 posset.
