2775 4400
465 327 555 386 VI
1250 327 1741 386 PRAEFATIO.

465 511 596 569 iure
655 511 914 584 dixeriS,
983 510 1056 568 de
1103 510 1384 570 Anselmo
1432 512 1680 586 egregie
1724 513 1974 585 meruit,
2038 513 2139 586 qui
2184 513 2313 572 eius
2359 514 2534 588 quasi

461 628 755 698 patronus
800 640 873 681 ac
917 623 1248 697 sospitator
1293 625 1549 684 exstitit.
1596 623 1715 684 Hic
1760 625 1913 683 enim
1955 625 2048 685 vir
2078 625 2254 684 libris
2286 625 2532 700 scriptis

462 735 868 794 Anselmianis
925 736 1184 809 undique
1241 736 1591 810 conquisitis
1636 741 1819 810 atque
1866 737 2133 796 excussis
2176 755 2297 796 non
2328 739 2531 814 *solum

462 853 692 906 textum
737 848 827 906 ita
872 849 1235 922 emendavit,
1281 853 1350 907 ut
1393 849 1457 907 in
1501 849 1846 909 universum
1892 851 2117 923 probus
2164 850 2282 909 dici
2323 856 2529 924 queat,

464 965 526 1016 et
599 959 900 1032 copiosam
965 959 1264 1042 lectionis⁴
1310 960 1671 1019 varietatem
1740 960 1996 1033 adiecit,
2073 976 2277 1019 verum
2347 960 2531 1018 etiam

461 1067 853 1127 Anselmiana
898 1074 1023 1126 tum
1054 1069 1266 1142 ignota
1296 1071 1574 1143 repperit
1606 1075 1669 1128 et
1699 1070 1855 1143 quod
1886 1069 2096 1128 summi
2128 1079 2221 1128 est
2250 1070 2531 1128 momenti

460 1180 682 1239 iudicio
752 1196 1001 1253 prorsus
1071 1181 1321 1237 subacto
1384 1185 1447 1237 et
1506 1180 1703 1238 sobrio
1766 1196 1919 1252 quae
1982 1180 2245 1253 genuina
2307 1184 2528 1253 essent,

463 1307 693 1364 quaeve
733 1290 943 1364 spuria
983 1289 1284 1362 indagare
1326 1290 1576 1348 studuit.
1635 1288 1876 1347 Prodiit
1907 1290 2036 1348 eius
2069 1289 2253 1348 editio
2285 1307 2528 1363 operum

460 1401 731 1460 Anselmi
773 1400 1011 1472 Paris,
1078 1403 1276 1472 1675,
1337 1399 1420 1471 f.,
1482 1415 1636 1472 quae
1698 1399 1892 1458 adhuc
1955 1405 2051 1458 ter
2103 1401 2369 1472 repetita
2414 1406 2526 1472 est,

459 1512 713 1586 primum
773 1509 976 1584 paullo
1037 1509 1271 1568 auctior
1314 1508 1497 1581 Par.,
1564 1512 1763 1581 1721,
1824 1509 1906 1581 f.,
1972 1508 2110 1567 dein
2157 1509 2529 1566 emendatior

460 1623 708 1696 Venet„
761 1626 944 1681 1744.
995 1627 1029 1680 2
1079 1621 1150 1680 T.
1187 1621 1278 1697 ,f.,
1327 1620 1582 1695 denique
1628 1638 1819 1694 nuper
1864 1638 1919 1679 a.
1975 1625 2193 1694 1863.,
2242 1620 2526 1678 Lutetiae

458 1736 604 1796 Par.
645 1735 709 1793 in
737 1733 1132 1806 Patrologiae
1165 1731 1354 1792 Cursu
1398 1733 1689 1808 completo
1722 1733 1793 1793 Τ.
1834 1738 1972 1805 158,
2026 1737 2165 1793 159.
2200 1737 2526 1808 accurante

458 1847 509 1906 I.
556 1847 627 1906 P.
675 1847 900 1920 Migne.

582 1959 744 2026 ¹His
813 1958 887 2017 de
945 1939 1216 2016 Anselmi
1283 1957 1648 2039 editionibus
1715 1959 2100 2032 praemissiS,
2178 1958 2252 2017 de
2315 1957 2528 2031 quibus

458 2073 526 2132 F.
559 2072 716 2130 Rud.
749 2071 947 2129 Hasse
992 2071 1056 2128 in
1098 2067 1304 2128 libello
1351 2069 1727 2128 academico:
1786 2070 2174 2128 Enumeratio
2216 2070 2522 2129 variarum
2623 2082 2629 2085 ·

457 2185 981 2259 Anselmianorum
1027 2200 1272 2258 operum
1317 2182 1662 2242 editionum.
1696 2182 1961 2256 Bonnae,
2016 2187 2198 2242 1849.
2250 2187 2305 2241 8.
2338 2182 2523 2258 pluri-

457 2300 568 2357 bus
614 2298 785 2370 dixit,
839 2297 982 2372 quid
1026 2298 1146 2355 iam
1191 2295 1423 2368 negotii
1467 2312 1621 2355 novo
1669 2293 1889 2362 editori
1937 2295 2141 2362 datum
2188 2297 2269 2354 sit
2311 2295 2523 2369 paucis

460 2428 767 2486 exponam.
816 2410 952 2467 Etsi
999 2410 1152 2467 enim
1197 2408 1259 2466 in
1291 2407 1698 2496 Gerberonem
1738 2424 1857 2466 non
1896 2408 1986 2466 ita
2018 2424 2145 2476 sum
2177 2389 2523 2505 iniuriosuS,

459 2529 526 2582 ut
586 2524 659 2583 de
716 2523 898 2583 laude
960 2524 1088 2582 eius
1150 2521 1472 2595 quidquam
1529 2521 1865 2580 detractum
1919 2519 2132 2609 velim,
2215 2521 2525 2590 dicendum

457 2643 659 2695 tamen
703 2642 797 2694 est
839 2636 1028 2696 multa
1075 2622 1207 2692 eum
1245 2634 1511 2708 posteris
1544 2634 1918 2691 emendanda
1951 2639 2134 2707 atque
2168 2631 2527 2705 corrigenda

455 2748 791 2823 reliquisse.
839 2746 930 2804 Ac
973 2747 1228 2819 primum
1275 2745 1514 2819 quidem
1562 2745 1635 2803 de
1684 2746 1949 2803 codicum
1995 2760 2234 2803 suorum
2277 2742 2523 2800 rationi-

455 2862 568 2918 bus
627 2859 779 2917 nihil
836 2875 1084 2931 prorsus
1147 2857 1299 2915 dixit
1360 2872 1679 2928 eorumque
1738 2857 2074 2915 varietates
2135 2872 2251 2912 non
2313 2870 2385 2911 ea
2430 2870 2524 2911 ac-

457 2972 769 3041 curatione
835 2969 1078 3041 attulit,
1140 2985 1294 3053 quae
1356 2984 1513 3027 nunc
1568 2968 1701 3025 iure
1754 2968 2103 3039 requiritur.
2180 2965 2413 3024 Deinde
2463 2965 2525 3022 in

454 3079 626 3143 textu
717 3066 1176 3157 conformando*
1229 3072 1633 3166 inconstatiae
1692 3078 2105 3161 ‘postulandus
2180 3084 2306 3150 est,
2398 3094 2526 3135 cum
2622 3067 2627 3070 ’

455 3196 686 3254 incerto
748 3195 943 3252 animo
1003 3192 1302 3251 fluctuans
1365 3190 1631 3250 codicum
1693 3208 1811 3261 non
1868 3206 1998 3249 eam
2044 3207 2219 3263 quam
2268 3190 2528 3249 debebat

453 3308 752 3379 rationem
811 3305 1095 3374 habuerit
1156 3290 1218 3362 et
1260 3286 1829 3388 inconsideramtiae⁴
1857 3302 2363 3391 vituperationem
2408 3318 2526 3357 non

456 3415 758 3488 effugerit.
850 3413 1120 3486 Denique
1199 3396 1667 3488 disputationem
1743 3414 1817 3473 de
1887 3414 2165 3488 genuinis
2226 3412 2524 3486 spuriisve

453 3527 627 3585 libris
671 3526 1079 3601 Anselmianis
1141 3527 1390 3600 egregie
1445 3526 1681 3600 quidem
1724 3523 2064 3599 inchoavit,
2128 3524 2234 3583 sed
2278 3538 2525 3597 prorsus

455 3637 534 3696 ad
579 3638 755 3697 finem
800 3655 918 3696 non
963 3638 1265 3711 perduxit.
1315 3638 1475 3698 Sane
1522 3655 1665 3698 vero
1712 3638 2037 3712 optandum
2084 3641 2195 3709 est,
2242 3641 2526 3709 utnovus

457 3750 653 3808 editor
712 3727 1109 3809 bibliothecas
1165 3746 1423 3809 maxime
1467 3750 1730 3823 Angliae
1774 3724 2193 3822 perscrutatus
2238 3748 2551 3821 novisque,
