<?xml version="1.0" encoding="UTF-8"?>
<!DOCTYPE html PUBLIC "-//W3C//DTD XHTML 1.0 Transitional//EN"
    "http://www.w3.org/TR/xhtml1/DTD/xhtml1-transitional.dtd">
<html xmlns="http://www.w3.org/1999/xhtml" xml:lang="en" lang="en">
 <head>
  <title>
</title>
<meta http-equiv="Content-Type" content="text/html;charset=utf-8" />
  <meta name='ocr-system' content='tesseract 3.04.00' />
  <meta name='ocr-capabilities' content='ocr_page ocr_carea ocr_par ocr_line ocrx_word'/>
</head>
<body>
  <div class='ocr_page' id='page_1' title='image "anselmicantuari00unkngoog_0011.png"; bbox 0 0 2775 4400; ppageno 0'>
   <div class='ocr_carea' id='block_1_1' title="bbox 1078 283 2476 361">
    <p class='ocr_par' dir='ltr' id='par_1_1' title="bbox 1078 283 2476 361">
     <span class='ocr_line' id='line_1_1' title="bbox 1078 283 2476 361; baseline 0.005 -16"><span class='ocrx_word' id='word_1_1' title='bbox 1078 283 1568 361; x_wconf 69' lang='lat' dir='ltr'><strong>PRAEFATIO.</strong></span> <span class='ocrx_word' id='word_1_2' title='bbox 2238 287 2362 348; x_wconf 80' lang='lat' dir='ltr'><strong>VII</strong></span> <span class='ocrx_word' id='word_1_3' title='bbox 2468 347 2476 354; x_wconf 77' lang='grc'>,</span> 
     </span>
    </p>
   </div>
   <div class='ocr_carea' id='block_1_2' title="bbox 284 456 2365 3800">
    <p class='ocr_par' dir='ltr' id='par_1_2' title="bbox 291 456 2360 1541">
     <span class='ocr_line' id='line_1_2' title="bbox 295 456 2360 546; baseline 0.001 -16"><span class='ocrx_word' id='word_1_4' title='bbox 295 469 576 530; x_wconf 88' lang='lat' dir='ltr'><strong>subsidiis</strong></span> <span class='ocrx_word' id='word_1_5' title='bbox 631 469 858 530; x_wconf 88' lang='lat' dir='ltr'><strong>criticis</strong></span> <span class='ocrx_word' id='word_1_6' title='bbox 904 470 1148 530; x_wconf 89' lang='lat' dir='ltr'><strong>adiutus</strong></span> <span class='ocrx_word' id='word_1_7' title='bbox 1181 456 1321 530; x_wconf 51' lang='lat' dir='ltr'><strong>&#39;rem</strong></span> <span class='ocrx_word' id='word_1_8' title='bbox 1355 471 1792 546; x_wconf 75' lang='lat' dir='ltr'><strong>aggrediatur,</strong></span> <span class='ocrx_word' id='word_1_9' title='bbox 1848 471 1954 530; x_wconf 88' lang='lat' dir='ltr'><strong>sed</strong></span> <span class='ocrx_word' id='word_1_10' title='bbox 2002 471 2100 532; x_wconf 88' lang='lat' dir='ltr'><strong>vel</strong></span> <span class='ocrx_word' id='word_1_11' title='bbox 2145 473 2197 530; x_wconf 91' lang='lat' dir='ltr'><strong>is</strong></span> <span class='ocrx_word' id='word_1_12' title='bbox 2243 489 2360 532; x_wconf 87' lang='lat' dir='ltr'><strong>non</strong></span> 
     </span>
     <span class='ocr_line' id='line_1_3' title="bbox 294 565 2359 658; baseline 0.002 -18"><span class='ocrx_word' id='word_1_13' title='bbox 294 582 421 641; x_wconf 90' lang='lat' dir='ltr'><strong>s&#39;ine</strong></span> <span class='ocrx_word' id='word_1_14' title='bbox 467 582 671 642; x_wconf 85' lang='lat' dir='ltr'><strong>fructu</strong></span> <span class='ocrx_word' id='word_1_15' title='bbox 713 581 999 642; x_wconf 86' lang='lat' dir='ltr'><strong>laborare</strong></span> <span class='ocrx_word' id='word_1_16' title='bbox 1045 565 1292 658; x_wconf 86' lang='lat' dir='ltr'><strong>poterit,</strong></span> <span class='ocrx_word' id='word_1_17' title='bbox 1342 566 1444 658; x_wconf 84' lang='lat' dir='ltr'><strong>qui</strong></span> <span class='ocrx_word' id='word_1_18' title='bbox 1481 599 1598 642; x_wconf 90' lang='lat' dir='ltr'><strong>uno</strong></span> <span class='ocrx_word' id='word_1_19' title='bbox 1630 583 1900 644; x_wconf 87' lang='lat' dir='ltr'><strong>alterove</strong></span> <span class='ocrx_word' id='word_1_20' title='bbox 1934 584 2135 644; x_wconf 88' lang='lat' dir='ltr'><strong>codice</strong></span> <span class='ocrx_word' id='word_1_21' title='bbox 2165 585 2359 644; x_wconf 85' lang='lat' dir='ltr'><strong>bonae</strong></span> 
     </span>
     <span class='ocr_line' id='line_1_4' title="bbox 292 693 2357 771; baseline 0.001 -18"><span class='ocrx_word' id='word_1_22' title='bbox 292 700 472 754; x_wconf 87' lang='lat' dir='ltr'><strong>notae</strong></span> <span class='ocrx_word' id='word_1_23' title='bbox 531 695 862 754; x_wconf 88' lang='lat' dir='ltr'><strong>instructus</strong></span> <span class='ocrx_word' id='word_1_24' title='bbox 921 693 1292 755; x_wconf 80' lang='lat' dir='ltr'><strong>Gerberonis</strong></span> <span class='ocrx_word' id='word_1_25' title='bbox 1356 697 1543 771; x_wconf 88' lang='lat' dir='ltr'><strong>copiis</strong></span> <span class='ocrx_word' id='word_1_26' title='bbox 1602 695 1889 768; x_wconf 84' lang='lat' dir='ltr'>religiose</span> <span class='ocrx_word' id='word_1_27' title='bbox 1948 712 2091 754; x_wconf 84' lang='lat' dir='ltr'><strong>usus</strong></span> <span class='ocrx_word' id='word_1_28' title='bbox 2150 696 2357 755; x_wconf 86' lang='lat' dir='ltr'><strong>fuerit.</strong></span> 
     </span>
     <span class='ocr_line' id='line_1_5' title="bbox 291 783 2358 883; baseline 0 -16"><span class='ocrx_word' id='word_1_29' title='bbox 291 807 508 880; x_wconf 88' lang='lat' dir='ltr'><strong>Itaque</strong></span> <span class='ocrx_word' id='word_1_30' title='bbox 570 824 699 866; x_wconf 92' lang='lat' dir='ltr'><strong>cum</strong></span> <span class='ocrx_word' id='word_1_31' title='bbox 759 783 952 882; x_wconf 87' lang='lat' dir='ltr'><strong>nuper</strong></span> <span class='ocrx_word' id='word_1_32' title='bbox 995 813 1123 866; x_wconf 89' lang='lat' dir='ltr'><strong>tres</strong></span> <span class='ocrx_word' id='word_1_33' title='bbox 1171 809 1407 869; x_wconf 80' lang='lat' dir='ltr'><strong>codices</strong></span> <span class='ocrx_word' id='word_1_34' title='bbox 1452 807 1710 867; x_wconf 89' lang='lat' dir='ltr'><strong>nondum</strong></span> <span class='ocrx_word' id='word_1_35' title='bbox 1755 807 1961 866; x_wconf 87' lang='lat' dir='ltr'><strong>collati</strong></span> <span class='ocrx_word' id='word_1_36' title='bbox 2002 807 2201 883; x_wconf 87' lang='lat' dir='ltr'><strong>operis</strong></span> <span class='ocrx_word' id='word_1_37' title='bbox 2238 808 2358 867; x_wconf 90' lang='lat' dir='ltr'><strong>An-</strong></span> 
     </span>
     <span class='ocr_line' id='line_1_6' title="bbox 293 913 2357 994; baseline -0 -15"><span class='ocrx_word' id='word_1_38' title='bbox 293 919 464 979; x_wconf 86' lang='lat' dir='ltr'><strong>selmi</strong></span> <span class='ocrx_word' id='word_1_39' title='bbox 540 918 1034 992; x_wconf 80' lang='lat' dir='ltr'><strong>celebratissimi,</strong></span> <span class='ocrx_word' id='word_1_40' title='bbox 1112 921 1268 993; x_wconf 87' lang='lat' dir='ltr'><strong>quod</strong></span> <span class='ocrx_word' id='word_1_41' title='bbox 1344 913 1483 981; x_wconf 79' lang='lat' dir='ltr'><strong>Cur</strong></span> <span class='ocrx_word' id='word_1_42' title='bbox 1557 915 1717 980; x_wconf 78' lang='lat' dir='ltr'><strong>deus</strong></span> <span class='ocrx_word' id='word_1_43' title='bbox 1782 915 1959 982; x_wconf 78' lang='lat' dir='ltr'><strong>homo</strong></span> <span class='ocrx_word' id='word_1_44' title='bbox 2026 919 2357 994; x_wconf 79' lang='lat' dir='ltr'><strong>inscripsit,</strong></span> 
     </span>
     <span class='ocr_line' id='line_1_7' title="bbox 294 1011 2357 1110; baseline -0.001 -18"><span class='ocrx_word' id='word_1_45' title='bbox 294 1033 578 1107; x_wconf 85' lang='lat' dir='ltr'><strong>cuiusque</strong></span> <span class='ocrx_word' id='word_1_46' title='bbox 608 1032 829 1091; x_wconf 91' lang='lat' dir='ltr'><strong>librum</strong></span> <span class='ocrx_word' id='word_1_47' title='bbox 858 1033 1120 1106; x_wconf 86' lang='lat' dir='ltr'><strong>priorem</strong></span> <span class='ocrx_word' id='word_1_48' title='bbox 1147 1035 1370 1106; x_wconf 84' lang='lat' dir='ltr'><strong>rogatu</strong></span> <span class='ocrx_word' id='word_1_49' title='bbox 1401 1027 1705 1110; x_wconf 68' lang='grc' dir='ltr'><em>Βοεοηίε,</em></span> <span class='ocrx_word' id='word_1_50' title='bbox 1740 1027 1942 1092; x_wconf 85' lang='lat' dir='ltr'><strong>clerici</strong></span> <span class='ocrx_word' id='word_1_51' title='bbox 1976 1011 2047 1090; x_wconf 30' lang='lat' dir='ltr'><strong>et*</strong></span> <span class='ocrx_word' id='word_1_52' title='bbox 2065 1033 2357 1105; x_wconf 88' lang='lat' dir='ltr'><strong>monachi,</strong></span> 
     </span>
     <span class='ocr_line' id='line_1_8' title="bbox 295 1143 2357 1219; baseline 0 -16"><span class='ocrx_word' id='word_1_53' title='bbox 295 1143 574 1219; x_wconf 87' lang='lat' dir='ltr'><strong>discipuli</strong></span> <span class='ocrx_word' id='word_1_54' title='bbox 618 1144 901 1203; x_wconf 89' lang='lat' dir='ltr'><strong>Anselmo</strong></span> <span class='ocrx_word' id='word_1_55' title='bbox 950 1144 1346 1218; x_wconf 88' lang='lat' dir='ltr'><strong>deditissimi,</strong></span> <span class='ocrx_word' id='word_1_56' title='bbox 1410 1162 1566 1205; x_wconf 87' lang='lat' dir='ltr'><strong>anno</strong></span> <span class='ocrx_word' id='word_1_57' title='bbox 1610 1146 1742 1204; x_wconf 87' lang='lat' dir='ltr'><strong>fere</strong></span> <span class='ocrx_word' id='word_1_58' title='bbox 1794 1149 1954 1204; x_wconf 84' lang='lat'>1093</span> <span class='ocrx_word' id='word_1_59' title='bbox 2004 1145 2066 1202; x_wconf 85' lang='lat' dir='ltr'><strong>in</strong></span> <span class='ocrx_word' id='word_1_60' title='bbox 2108 1143 2357 1218; x_wconf 84' lang='lat' dir='ltr'><strong>Anglia,</strong></span> 
     </span>
     <span class='ocr_line' id='line_1_9' title="bbox 291 1255 2357 1343; baseline -0.001 -27"><span class='ocrx_word' id='word_1_61' title='bbox 291 1257 686 1332; x_wconf 83' lang='lat' dir='ltr'><strong>posteriorem</strong></span> <span class='ocrx_word' id='word_1_62' title='bbox 733 1257 871 1315; x_wconf 90' lang='lat' dir='ltr'><strong>exul</strong></span> <span class='ocrx_word' id='word_1_63' title='bbox 915 1257 979 1315; x_wconf 88' lang='lat' dir='ltr'><strong>in</strong></span> <span class='ocrx_word' id='word_1_64' title='bbox 1011 1255 1299 1343; x_wconf 76' lang='lat' dir='ltr'><strong>Capuana</strong></span> <span class='ocrx_word' id='word_1_65' title='bbox 1343 1257 1656 1332; x_wconf 88' lang='lat' dir='ltr'><strong>provincia</strong></span> <span class='ocrx_word' id='word_1_66' title='bbox 1700 1274 1855 1316; x_wconf 88' lang='lat' dir='ltr'><strong>anno</strong></span> <span class='ocrx_word' id='word_1_67' title='bbox 1901 1259 2060 1316; x_wconf 85' lang='lat'>1097</span> <span class='ocrx_word' id='word_1_68' title='bbox 2097 1256 2357 1331; x_wconf 80' lang='lat' dir='ltr'><strong>scripsit,</strong></span> 
     </span>
     <span class='ocr_line' id='line_1_10' title="bbox 293 1367 2358 1444; baseline -0.001 -16"><span class='ocrx_word' id='word_1_69' title='bbox 293 1370 355 1428; x_wconf 91' lang='lat' dir='ltr'><strong>in</strong></span> <span class='ocrx_word' id='word_1_70' title='bbox 415 1385 624 1428; x_wconf 87' lang='lat' dir='ltr'><strong>manus</strong></span> <span class='ocrx_word' id='word_1_71' title='bbox 682 1386 847 1428; x_wconf 89' lang='lat' dir='ltr'><strong>meas</strong></span> <span class='ocrx_word' id='word_1_72' title='bbox 909 1370 1254 1444; x_wconf 88' lang='lat' dir='ltr'><strong>venissent,</strong></span> <span class='ocrx_word' id='word_1_73' title='bbox 1317 1369 1469 1428; x_wconf 89' lang='lat' dir='ltr'><strong>illud</strong></span> <span class='ocrx_word' id='word_1_74' title='bbox 1533 1369 1725 1428; x_wconf 90' lang='lat' dir='ltr'><strong>denuo</strong></span> <span class='ocrx_word' id='word_1_75' title='bbox 1770 1369 2131 1428; x_wconf 78' lang='lat' dir='ltr'><strong>recensitum</strong></span> <span class='ocrx_word' id='word_1_76' title='bbox 2178 1367 2358 1426; x_wconf 89' lang='lat' dir='ltr'><strong>edere</strong></span> 
     </span>
     <span class='ocr_line' id='line_1_11' title="bbox 293 1479 500 1541; baseline -0.014 0"><span class='ocrx_word' id='word_1_77' title='bbox 293 1479 500 1541; x_wconf 88' lang='lat' dir='ltr'><strong>statui.</strong></span> 
     </span>
    </p>

    <p class='ocr_par' dir='ltr' id='par_1_3' title="bbox 284 1585 2365 3800">
     <span class='ocr_line' id='line_1_12' title="bbox 467 1585 2359 1666; baseline -0.003 -11"><span class='ocrx_word' id='word_1_78' title='bbox 467 1595 779 1655; x_wconf 85' lang='lat' dir='ltr'><strong>Gerberon</strong></span> <span class='ocrx_word' id='word_1_79' title='bbox 839 1612 1049 1655; x_wconf 90' lang='lat' dir='ltr'><strong>novem</strong></span> <span class='ocrx_word' id='word_1_80' title='bbox 1108 1612 1253 1655; x_wconf 87' lang='lat' dir='ltr'><strong>usus</strong></span> <span class='ocrx_word' id='word_1_81' title='bbox 1315 1599 1410 1654; x_wconf 87' lang='lat' dir='ltr'><strong>est</strong></span> <span class='ocrx_word' id='word_1_82' title='bbox 1460 1585 1634 1654; x_wconf 89' lang='lat' dir='ltr'><strong>libris</strong></span> <span class='ocrx_word' id='word_1_83' title='bbox 1686 1593 2151 1666; x_wconf 79' lang='lat' dir='ltr'><strong>manuscriptiS,</strong></span> <span class='ocrx_word' id='word_1_84' title='bbox 2212 1607 2359 1666; x_wconf 84' lang='lat' dir='ltr'><strong>quos</strong></span> 
     </span>
     <span class='ocr_line' id='line_1_13' title="bbox 293 1696 2355 1783; baseline -0.003 -14"><span class='ocrx_word' id='word_1_85' title='bbox 293 1728 406 1783; x_wconf 84' lang='lat' dir='ltr'><strong>ego</strong></span> <span class='ocrx_word' id='word_1_86' title='bbox 451 1707 545 1767; x_wconf 90' lang='lat' dir='ltr'><strong>his</strong></span> <span class='ocrx_word' id='word_1_87' title='bbox 588 1707 788 1767; x_wconf 89' lang='lat' dir='ltr'><strong>literis</strong></span> <span class='ocrx_word' id='word_1_88' title='bbox 834 1709 1074 1767; x_wconf 86' lang='lat' dir='ltr'><strong>notavi:</strong></span> <span class='ocrx_word' id='word_1_89' title='bbox 1123 1696 1279 1766; x_wconf 80' lang='lat' dir='ltr'><strong>ABC</strong></span> <span class='ocrx_word' id='word_1_90' title='bbox 1329 1708 1564 1768; x_wconf 89' lang='lat' dir='ltr'><strong>codices</strong></span> <span class='ocrx_word' id='word_1_91' title='bbox 1610 1709 1749 1766; x_wconf 90' lang='lat' dir='ltr'><strong>sunt</strong></span> <span class='ocrx_word' id='word_1_92' title='bbox 1792 1705 2089 1766; x_wconf 83' lang='lat' dir='ltr'><strong>Victorini</strong></span> <span class='ocrx_word' id='word_1_93' title='bbox 2132 1705 2203 1762; x_wconf 90' lang='lat' dir='ltr'><strong>P.</strong></span> <span class='ocrx_word' id='word_1_94' title='bbox 2258 1706 2355 1764; x_wconf 89' lang='grc'><strong>19.</strong></span> 
     </span>
     <span class='ocr_line' id='line_1_14' title="bbox 293 1816 2357 1891; baseline -0.003 -12"><span class='ocrx_word' id='word_1_95' title='bbox 293 1820 420 1879; x_wconf 88' lang='grc' dir='ltr'><strong>ΕΕ.</strong></span> <span class='ocrx_word' id='word_1_96' title='bbox 476 1823 571 1878; x_wconf 89' lang='grc'><strong>13.</strong></span> <span class='ocrx_word' id='word_1_97' title='bbox 621 1823 684 1876; x_wconf 92' lang='lat' dir='ltr'><strong>et</strong></span> <span class='ocrx_word' id='word_1_98' title='bbox 724 1817 857 1876; x_wconf 75' lang='grc' dir='ltr'><strong>ΕΒ.</strong></span> <span class='ocrx_word' id='word_1_99' title='bbox 908 1822 1004 1891; x_wconf 84' lang='lat'><strong>3.;</strong></span> <span class='ocrx_word' id='word_1_100' title='bbox 1075 1819 1128 1876; x_wconf 95' lang='lat' dir='ltr'>D</span> <span class='ocrx_word' id='word_1_101' title='bbox 1176 1819 1362 1878; x_wconf 85' lang='lat' dir='ltr'><strong>codex</strong></span> <span class='ocrx_word' id='word_1_102' title='bbox 1408 1824 1503 1878; x_wconf 87' lang='lat' dir='ltr'><strong>est</strong></span> <span class='ocrx_word' id='word_1_103' title='bbox 1546 1819 1782 1878; x_wconf 90' lang='lat' dir='ltr'><strong>Domini</strong></span> <span class='ocrx_word' id='word_1_104' title='bbox 1825 1816 1995 1890; x_wconf 86' lang='lat' dir='ltr'><strong>Ioly‚</strong></span> <span class='ocrx_word' id='word_1_105' title='bbox 2051 1817 2102 1874; x_wconf 88' lang='grc' dir='ltr'>Ε</span> <span class='ocrx_word' id='word_1_106' title='bbox 2148 1816 2357 1874; x_wconf 91' lang='lat' dir='ltr'><strong>biblio-</strong></span> 
     </span>
     <span class='ocr_line' id='line_1_15' title="bbox 292 1929 2358 2018; baseline -0.001 -29"><span class='ocrx_word' id='word_1_107' title='bbox 292 1931 506 1990; x_wconf 78' lang='lat' dir='ltr'><strong>thecae</strong></span> <span class='ocrx_word' id='word_1_108' title='bbox 537 1929 972 2002; x_wconf 77' lang='lat' dir='ltr'><strong>CisterciensiS,</strong></span> <span class='ocrx_word' id='word_1_109' title='bbox 1020 1929 1070 1988; x_wconf 87' lang='lat' dir='ltr'><strong>F</strong></span> <span class='ocrx_word' id='word_1_110' title='bbox 1113 1931 1518 1991; x_wconf 89' lang='lat' dir='ltr'><strong>bibliothecae</strong></span> <span class='ocrx_word' id='word_1_111' title='bbox 1550 1931 1608 1990; x_wconf 84' lang='lat' dir='ltr'><strong>S.</strong></span> <span class='ocrx_word' id='word_1_112' title='bbox 1646 1929 1959 1989; x_wconf 83' lang='lat' dir='ltr'><strong>Michaelis</strong></span> <span class='ocrx_word' id='word_1_113' title='bbox 1996 1929 2056 1986; x_wconf 90' lang='lat' dir='ltr'><strong>in</strong></span> <span class='ocrx_word' id='word_1_114' title='bbox 2089 1929 2358 2018; x_wconf 85' lang='lat' dir='ltr'><strong>periculo</strong></span> 
     </span>
     <span class='ocr_line' id='line_1_16' title="bbox 292 2038 2361 2116; baseline -0.003 -14"><span class='ocrx_word' id='word_1_115' title='bbox 292 2043 511 2115; x_wconf 89' lang='lat' dir='ltr'><strong>maris,</strong></span> <span class='ocrx_word' id='word_1_116' title='bbox 570 2041 826 2116; x_wconf 86' lang='lat' dir='ltr'><strong>denique</strong></span> <span class='ocrx_word' id='word_1_117' title='bbox 871 2041 1018 2101; x_wconf 83' lang='lat' dir='ltr'><strong>GHI</strong></span> <span class='ocrx_word' id='word_1_118' title='bbox 1064 2042 1300 2102; x_wconf 90' lang='lat' dir='ltr'><strong>codices</strong></span> <span class='ocrx_word' id='word_1_119' title='bbox 1347 2050 1487 2103; x_wconf 85' lang='lat' dir='ltr'><strong>sunt</strong></span> <span class='ocrx_word' id='word_1_120' title='bbox 1529 2049 1655 2102; x_wconf 91' lang='lat' dir='ltr'><strong>tum</strong></span> <span class='ocrx_word' id='word_1_121' title='bbox 1701 2038 2191 2100; x_wconf 85' lang='lat' dir='ltr'><strong>Gemmeticensis</strong></span> <span class='ocrx_word' id='word_1_122' title='bbox 2236 2045 2361 2097; x_wconf 88' lang='lat' dir='ltr'><strong>tum</strong></span> 
     </span>
     <span class='ocr_line' id='line_1_17' title="bbox 292 2133 2356 2235; baseline -0.003 -19"><span class='ocrx_word' id='word_1_123' title='bbox 292 2144 612 2216; x_wconf 87' lang='lat' dir='ltr'><strong>Beccensis</strong></span> <span class='ocrx_word' id='word_1_124' title='bbox 655 2154 1024 2214; x_wconf 85' lang='lat' dir='ltr'><strong>monasterii.</strong></span> <span class='ocrx_word' id='word_1_125' title='bbox 1070 2155 1300 2215; x_wconf 87' lang='lat' dir='ltr'><strong>Horum</strong></span> <span class='ocrx_word' id='word_1_126' title='bbox 1326 2133 1637 2218; x_wconf 56' lang='lat' dir='ltr'><strong>Victorini⁴</strong></span> <span class='ocrx_word' id='word_1_127' title='bbox 1670 2155 1930 2229; x_wconf 86' lang='lat' dir='ltr'><strong>optimae</strong></span> <span class='ocrx_word' id='word_1_128' title='bbox 1970 2158 2116 2235; x_wconf 35' lang='lat' dir='ltr'><strong>‚sunt</strong></span> <span class='ocrx_word' id='word_1_129' title='bbox 2159 2157 2356 2211; x_wconf 84' lang='lat' dir='ltr'><strong>notae.</strong></span> 
     </span>
     <span class='ocr_line' id='line_1_18' title="bbox 291 2256 2361 2343; baseline -0.002 -15"><span class='ocrx_word' id='word_1_130' title='bbox 291 2269 382 2328; x_wconf 92' lang='lat' dir='ltr'><strong>De</strong></span> <span class='ocrx_word' id='word_1_131' title='bbox 442 2268 637 2327; x_wconf 90' lang='lat' dir='ltr'><strong>tribus</strong></span> <span class='ocrx_word' id='word_1_132' title='bbox 694 2268 997 2326; x_wconf 85' lang='lat' dir='ltr'><strong>codicibus</strong></span> <span class='ocrx_word' id='word_1_133' title='bbox 1041 2268 1252 2342; x_wconf 89' lang='lat' dir='ltr'><strong>KLM,</strong></span> <span class='ocrx_word' id='word_1_134' title='bbox 1319 2286 1465 2343; x_wconf 90' lang='lat' dir='ltr'><strong>quos</strong></span> <span class='ocrx_word' id='word_1_135' title='bbox 1519 2269 1650 2343; x_wconf 88' lang='lat' dir='ltr'><strong>ipse</strong></span> <span class='ocrx_word' id='word_1_136' title='bbox 1700 2266 1922 2327; x_wconf 91' lang='lat' dir='ltr'><strong>contuli</strong></span> <span class='ocrx_word' id='word_1_137' title='bbox 1969 2271 2031 2325; x_wconf 90' lang='lat' dir='ltr'><strong>et</strong></span> <span class='ocrx_word' id='word_1_138' title='bbox 2074 2256 2176 2339; x_wconf 71' lang='lat' dir='ltr'><strong>q&#39;ui</strong></span> <span class='ocrx_word' id='word_1_139' title='bbox 2222 2272 2361 2324; x_wconf 89' lang='lat' dir='ltr'><strong>sunt</strong></span> 
     </span>
     <span class='ocr_line' id='line_1_19' title="bbox 291 2376 2362 2454; baseline -0.002 -15"><span class='ocrx_word' id='word_1_140' title='bbox 291 2380 692 2441; x_wconf 87' lang='lat' dir='ltr'><strong>bibliothecae</strong></span> <span class='ocrx_word' id='word_1_141' title='bbox 735 2379 1109 2453; x_wconf 86' lang='lat' dir='ltr'><strong>reipublicae</strong></span> <span class='ocrx_word' id='word_1_142' title='bbox 1143 2380 1512 2454; x_wconf 79' lang='lat' dir='ltr'><strong>TuricensiS,</strong></span> <span class='ocrx_word' id='word_1_143' title='bbox 1559 2382 1711 2440; x_wconf 88' lang='lat' dir='ltr'><strong>hacc</strong></span> <span class='ocrx_word' id='word_1_144' title='bbox 1753 2381 1993 2438; x_wconf 87' lang='lat' dir='ltr'><strong>habeto.</strong></span> <span class='ocrx_word' id='word_1_145' title='bbox 2040 2376 2151 2436; x_wconf 69' lang='grc' dir='ltr'><strong>ΚΒ</strong></span> <span class='ocrx_word' id='word_1_146' title='bbox 2186 2382 2362 2436; x_wconf 88' lang='lat' dir='ltr'><strong>erant</strong></span> 
     </span>
     <span class='ocr_line' id='line_1_20' title="bbox 295 2491 2365 2579; baseline -0.002 -28"><span class='ocrx_word' id='word_1_147' title='bbox 295 2492 729 2552; x_wconf 85' lang='lat' dir='ltr'><strong>Rhenoviensis</strong></span> <span class='ocrx_word' id='word_1_148' title='bbox 787 2493 1152 2579; x_wconf 56' lang='lat' dir='ltr'><strong>monasterii⁴</strong></span> <span class='ocrx_word' id='word_1_149' title='bbox 1184 2493 1461 2553; x_wconf 90' lang='lat' dir='ltr'><strong>CXXIV.</strong></span> <span class='ocrx_word' id='word_1_150' title='bbox 1528 2501 1588 2552; x_wconf 91' lang='lat' dir='ltr'><strong>et</strong></span> <span class='ocrx_word' id='word_1_151' title='bbox 1634 2491 1851 2551; x_wconf 85' lang='lat' dir='ltr'>CXXI.</span> <span class='ocrx_word' id='word_1_152' title='bbox 1877 2537 1891 2564; x_wconf 94' lang='lat'><strong>,</strong></span> <span class='ocrx_word' id='word_1_153' title='bbox 1955 2497 2205 2564; x_wconf 88' lang='lat' dir='ltr'><strong>uterque</strong></span> <span class='ocrx_word' id='word_1_154' title='bbox 2267 2493 2365 2559; x_wconf 83' lang='lat' dir='ltr'><strong>est</strong></span> 
     </span>
     <span class='ocr_line' id='line_1_21' title="bbox 293 2602 2359 2678; baseline -0.002 -16"><span class='ocrx_word' id='word_1_155' title='bbox 293 2604 783 2663; x_wconf 85' lang='lat' dir='ltr'><strong>membranaceus</strong></span> <span class='ocrx_word' id='word_1_156' title='bbox 851 2603 1047 2661; x_wconf 86' lang='lat' dir='ltr'><strong>forma</strong></span> <span class='ocrx_word' id='word_1_157' title='bbox 1108 2606 1455 2678; x_wconf 88' lang='lat' dir='ltr'><strong>octonaria,</strong></span> <span class='ocrx_word' id='word_1_158' title='bbox 1535 2610 1597 2663; x_wconf 86' lang='lat' dir='ltr'><strong>et</strong></span> <span class='ocrx_word' id='word_1_159' title='bbox 1654 2604 1758 2662; x_wconf 91' lang='lat' dir='ltr'><strong>ille</strong></span> <span class='ocrx_word' id='word_1_160' title='bbox 1821 2603 2058 2677; x_wconf 89' lang='lat' dir='ltr'><strong>quidem</strong></span> <span class='ocrx_word' id='word_1_161' title='bbox 2118 2602 2359 2662; x_wconf 85' lang='lat' dir='ltr'><strong>saeculo</strong></span> 
     </span>
     <span class='ocr_line' id='line_1_22' title="bbox 295 2713 2359 2779; baseline -0.002 -4"><span class='ocrx_word' id='word_1_162' title='bbox 295 2714 639 2775; x_wconf 88' lang='lat' dir='ltr'><strong>duodecimo</strong></span> <span class='ocrx_word' id='word_1_163' title='bbox 698 2714 801 2776; x_wconf 82' lang='lat' dir='ltr'><strong>vix</strong></span> <span class='ocrx_word' id='word_1_164' title='bbox 858 2715 1114 2774; x_wconf 88' lang='lat' dir='ltr'><strong>inferior</strong></span> <span class='ocrx_word' id='word_1_165' title='bbox 1173 2716 1489 2776; x_wconf 85' lang='lat' dir='ltr'><strong>admodum</strong></span> <span class='ocrx_word' id='word_1_166' title='bbox 1535 2713 1725 2775; x_wconf 87' lang='lat' dir='ltr'><strong>nitide</strong></span> <span class='ocrx_word' id='word_1_167' title='bbox 1772 2721 1834 2774; x_wconf 87' lang='lat' dir='ltr'><strong>et</strong></span> <span class='ocrx_word' id='word_1_168' title='bbox 1880 2716 2359 2779; x_wconf 77' lang='lat' dir='ltr'><strong>satisaccurate</strong></span> 
     </span>
     <span class='ocr_line' id='line_1_23' title="bbox 293 2825 2361 2903; baseline -0.002 -16"><span class='ocrx_word' id='word_1_169' title='bbox 293 2835 387 2887; x_wconf 91' lang='lat' dir='ltr'><strong>est</strong></span> <span class='ocrx_word' id='word_1_170' title='bbox 453 2829 733 2903; x_wconf 62' lang='lat' dir='ltr'><strong>scriptus</strong></span> <span class='ocrx_word' id='word_1_171' title='bbox 823 2828 876 2887; x_wconf 92' lang='lat' dir='ltr'>L</span> <span class='ocrx_word' id='word_1_172' title='bbox 946 2828 1133 2887; x_wconf 86' lang='lat' dir='ltr'><strong>codex</strong></span> <span class='ocrx_word' id='word_1_173' title='bbox 1190 2828 1493 2889; x_wconf 86' lang='lat' dir='ltr'><strong>miscellus</strong></span> <span class='ocrx_word' id='word_1_174' title='bbox 1554 2833 1680 2902; x_wconf 92' lang='lat' dir='ltr'><strong>est,</strong></span> <span class='ocrx_word' id='word_1_175' title='bbox 1751 2828 1989 2887; x_wconf 86' lang='lat' dir='ltr'><strong>saeculo</strong></span> <span class='ocrx_word' id='word_1_176' title='bbox 2055 2828 2117 2885; x_wconf 87' lang='lat' dir='ltr'><strong>ni</strong></span> <span class='ocrx_word' id='word_1_177' title='bbox 2175 2825 2361 2884; x_wconf 88' lang='lat' dir='ltr'><strong>fallor</strong></span> 
     </span>
     <span class='ocr_line' id='line_1_24' title="bbox 291 2930 2361 3027; baseline -0.002 -26"><span class='ocrx_word' id='word_1_178' title='bbox 291 2943 474 3001; x_wconf 90' lang='lat' dir='ltr'><strong>tertio</strong></span> <span class='ocrx_word' id='word_1_179' title='bbox 522 2941 1038 3027; x_wconf 86' lang='lat' dir='ltr'><strong>decimo-diversis</strong></span> <span class='ocrx_word' id='word_1_180' title='bbox 1070 2930 1345 3000; x_wconf 87' lang='lat' dir='ltr'><strong>manibus</strong></span> <span class='ocrx_word' id='word_1_181' title='bbox 1376 2940 1534 3000; x_wconf 88' lang='lat' dir='ltr'><strong>male</strong></span> <span class='ocrx_word' id='word_1_182' title='bbox 1567 2958 1712 3000; x_wconf 87' lang='lat' dir='ltr'><strong>sane</strong></span> <span class='ocrx_word' id='word_1_183' title='bbox 1744 2940 2041 3017; x_wconf 86' lang='lat' dir='ltr'><strong>scriptus;</strong></span> <span class='ocrx_word' id='word_1_184' title='bbox 2090 2939 2361 2999; x_wconf 88' lang='lat' dir='ltr'><strong>Anselmi</strong></span> 
     </span>
     <span class='ocr_line' id='line_1_25' title="bbox 289 3052 2358 3128; baseline -0.001 -17"><span class='ocrx_word' id='word_1_185' title='bbox 289 3054 507 3113; x_wconf 91' lang='lat' dir='ltr'><strong>librum</strong></span> <span class='ocrx_word' id='word_1_186' title='bbox 573 3058 631 3128; x_wconf 90' lang='lat' dir='ltr'><strong>p.</strong></span> <span class='ocrx_word' id='word_1_187' title='bbox 699 3058 1092 3127; x_wconf 81' lang='lat'><strong>195—229.‚</strong></span> <span class='ocrx_word' id='word_1_188' title='bbox 1161 3054 1267 3113; x_wconf 86' lang='lat' dir='ltr'><strong>sed</strong></span> <span class='ocrx_word' id='word_1_189' title='bbox 1327 3072 1444 3112; x_wconf 90' lang='lat' dir='ltr'><strong>non</strong></span> <span class='ocrx_word' id='word_1_190' title='bbox 1504 3055 1830 3127; x_wconf 88' lang='lat' dir='ltr'><strong>integrum·</strong></span> <span class='ocrx_word' id='word_1_191' title='bbox 1871 3053 2147 3125; x_wconf 88' lang='lat' dir='ltr'><strong>exhibet,</strong></span> <span class='ocrx_word' id='word_1_192' title='bbox 2215 3052 2358 3110; x_wconf 90' lang='lat' dir='ltr'><strong>inci-</strong></span> 
     </span>
     <span class='ocr_line' id='line_1_26' title="bbox 292 3160 2363 3243; baseline 0 -21"><span class='ocrx_word' id='word_1_193' title='bbox 292 3166 384 3238; x_wconf 92' lang='lat' dir='ltr'><strong>pit</strong></span> <span class='ocrx_word' id='word_1_194' title='bbox 425 3164 478 3237; x_wconf 90' lang='lat'><strong>1,</strong></span> <span class='ocrx_word' id='word_1_195' title='bbox 531 3171 584 3223; x_wconf 92' lang='lat'><strong>1.</strong></span> <span class='ocrx_word' id='word_1_196' title='bbox 633 3168 702 3223; x_wconf 81' lang='lat' dir='ltr'><strong>et‘</strong></span> <span class='ocrx_word' id='word_1_197' title='bbox 741 3165 991 3239; x_wconf 84' lang='lat' dir='ltr'><strong>explicit</strong></span> <span class='ocrx_word' id='word_1_198' title='bbox 1032 3165 1120 3239; x_wconf 90' lang='lat' dir='ltr'><strong>II,</strong></span> <span class='ocrx_word' id='word_1_199' title='bbox 1171 3171 1226 3225; x_wconf 90' lang='grc'><strong>6.</strong></span> <span class='ocrx_word' id='word_1_200' title='bbox 1275 3165 1511 3227; x_wconf 89' lang='lat' dir='ltr'><strong>verbis:</strong></span> <span class='ocrx_word' id='word_1_201' title='bbox 1570 3164 1717 3224; x_wconf 87' lang='lat' dir='ltr'><strong>Ans.</strong></span> <span class='ocrx_word' id='word_1_202' title='bbox 1767 3161 1908 3227; x_wconf 87' lang='lat' dir='ltr'><strong>Hoc</strong></span> <span class='ocrx_word' id='word_1_203' title='bbox 1954 3171 2167 3225; x_wconf 84' lang='lat' dir='ltr'><strong>autem</strong></span> <span class='ocrx_word' id='word_1_204' title='bbox 2197 3160 2363 3243; x_wconf 76' lang='lat' dir='ltr'><strong>fieri</strong></span> 
     </span>
     <span class='ocr_line' id='line_1_27' title="bbox 291 3274 2359 3357; baseline -0 -22"><span class='ocrx_word' id='word_1_205' title='bbox 291 3274 516 3357; x_wconf 76' lang='lat' dir='ltr'><strong>nequit</strong></span> <span class='ocrx_word' id='word_1_206' title='bbox 560 3274 698 3336; x_wconf 77' lang='lat' dir='ltr'><strong>nisi</strong></span> <span class='ocrx_word' id='word_1_207' title='bbox 743 3276 846 3337; x_wconf 78' lang='lat' dir='ltr'><strong>sit.</strong></span> <span class='ocrx_word' id='word_1_208' title='bbox 906 3278 1178 3351; x_wconf 85' lang='lat' dir='ltr'><strong>Denique</strong></span> <span class='ocrx_word' id='word_1_209' title='bbox 1222 3276 1284 3337; x_wconf 84' lang='lat' dir='ltr'>M</span> <span class='ocrx_word' id='word_1_210' title='bbox 1319 3279 1519 3338; x_wconf 74' lang='lat' dir='ltr'><strong>‘codex</strong></span> <span class='ocrx_word' id='word_1_211' title='bbox 1564 3284 1658 3337; x_wconf 86' lang='lat' dir='ltr'><strong>est</strong></span> <span class='ocrx_word' id='word_1_212' title='bbox 1702 3278 2081 3350; x_wconf 76' lang='lat' dir='ltr'><strong>chartaceuS‚</strong></span> <span class='ocrx_word' id='word_1_213' title='bbox 2128 3276 2359 3335; x_wconf 89' lang='lat' dir='ltr'><strong>formae</strong></span> 
     </span>
     <span class='ocr_line' id='line_1_28' title="bbox 290 3388 2359 3463; baseline 0 -16"><span class='ocrx_word' id='word_1_214' title='bbox 290 3389 606 3461; x_wconf 86' lang='lat' dir='ltr'><strong>maximae,</strong></span> <span class='ocrx_word' id='word_1_215' title='bbox 667 3388 929 3461; x_wconf 87' lang='lat' dir='ltr'><strong>scriptus</strong></span> <span class='ocrx_word' id='word_1_216' title='bbox 973 3406 1152 3463; x_wconf 79' lang='lat' dir='ltr'><strong>manu</strong></span> <span class='ocrx_word' id='word_1_217' title='bbox 1196 3389 1370 3448; x_wconf 88' lang='lat' dir='ltr'><strong>Petri</strong></span> <span class='ocrx_word' id='word_1_218' title='bbox 1412 3388 1748 3462; x_wconf 85' lang='lat' dir='ltr'><strong>Numagen,</strong></span> <span class='ocrx_word' id='word_1_219' title='bbox 1798 3388 2214 3462; x_wconf 78' lang='lat' dir='ltr'><strong>TreverensiS,</strong></span> <span class='ocrx_word' id='word_1_220' title='bbox 2265 3406 2359 3448; x_wconf 80' lang='lat' dir='ltr'><strong>ca-</strong></span> 
     </span>
     <span class='ocr_line' id='line_1_29' title="bbox 289 3492 2360 3577; baseline 0 -18"><span class='ocrx_word' id='word_1_221' title='bbox 289 3501 519 3576; x_wconf 87' lang='lat' dir='ltr'><strong>pellani</strong></span> <span class='ocrx_word' id='word_1_222' title='bbox 564 3500 623 3559; x_wconf 84' lang='lat' dir='ltr'><strong>S.</strong></span> <span class='ocrx_word' id='word_1_223' title='bbox 670 3501 977 3560; x_wconf 85' lang='lat' dir='ltr'><strong>Leonardi</strong></span> <span class='ocrx_word' id='word_1_224' title='bbox 1022 3518 1210 3577; x_wconf 90' lang='lat' dir='ltr'><strong>prope</strong></span> <span class='ocrx_word' id='word_1_225' title='bbox 1243 3502 1569 3575; x_wconf 84' lang='lat' dir='ltr'><strong>Turegum,</strong></span> <span class='ocrx_word' id='word_1_226' title='bbox 1617 3500 1691 3559; x_wconf 88' lang='lat' dir='ltr'><strong>de</strong></span> <span class='ocrx_word' id='word_1_227' title='bbox 1738 3518 1851 3575; x_wconf 86' lang='lat' dir='ltr'><strong>quo</strong></span> <span class='ocrx_word' id='word_1_228' title='bbox 1898 3493 2029 3561; x_wconf 86' lang='lat' dir='ltr'><strong>viro</strong></span> <span class='ocrx_word' id='word_1_229' title='bbox 2078 3492 2251 3560; x_wconf 85' lang='lat' dir='ltr'><strong>docto</strong></span> <span class='ocrx_word' id='word_1_230' title='bbox 2299 3509 2360 3559; x_wconf 88' lang='lat' dir='ltr'><strong>et</strong></span> 
     </span>
     <span class='ocr_line' id='line_1_30' title="bbox 284 3595 2359 3686; baseline 0 -15"><span class='ocrx_word' id='word_1_231' title='bbox 284 3595 586 3671; x_wconf 79' lang='lat' dir='ltr'><strong>&#39;industrio</strong></span> <span class='ocrx_word' id='word_1_232' title='bbox 631 3631 688 3674; x_wconf 88' lang='lat' dir='ltr'><strong>v.</strong></span> <span class='ocrx_word' id='word_1_233' title='bbox 735 3611 786 3671; x_wconf 89' lang='grc' dir='ltr'><strong>Ι.</strong></span> <span class='ocrx_word' id='word_1_234' title='bbox 833 3610 911 3671; x_wconf 91' lang='lat' dir='ltr'><strong>H.</strong></span> <span class='ocrx_word' id='word_1_235' title='bbox 958 3612 1311 3685; x_wconf 85' lang='lat' dir='ltr'><strong>Hottingeri</strong></span> <span class='ocrx_word' id='word_1_236' title='bbox 1356 3612 1573 3672; x_wconf 86' lang='lat' dir='ltr'><strong>Schola</strong></span> <span class='ocrx_word' id='word_1_237' title='bbox 1618 3612 2047 3686; x_wconf 85' lang='lat' dir='ltr'><strong>Tigurinorum</strong></span> <span class='ocrx_word' id='word_1_238' title='bbox 2078 3610 2359 3672; x_wconf 84' lang='lat' dir='ltr'><strong>Carolina</strong></span> 
     </span>
     <span class='ocr_line' id='line_1_31' title="bbox 289 3724 2359 3800; baseline 0 -17"><span class='ocrx_word' id='word_1_239' title='bbox 289 3743 348 3800; x_wconf 89' lang='lat' dir='ltr'><strong>p.</strong></span> <span class='ocrx_word' id='word_1_240' title='bbox 403 3730 516 3783; x_wconf 89' lang='lat'><strong>161</strong></span> <span class='ocrx_word' id='word_1_241' title='bbox 569 3742 615 3783; x_wconf 84' lang='lat' dir='ltr'><strong>S.</strong></span> <span class='ocrx_word' id='word_1_242' title='bbox 664 3732 726 3783; x_wconf 91' lang='lat' dir='ltr'><strong>et</strong></span> <span class='ocrx_word' id='word_1_243' title='bbox 768 3724 926 3783; x_wconf 89' lang='lat' dir='ltr'><strong>Hist.</strong></span> <span class='ocrx_word' id='word_1_244' title='bbox 978 3725 1193 3784; x_wconf 80' lang='lat' dir='ltr'><strong>eccles·</strong></span> <span class='ocrx_word' id='word_1_245' title='bbox 1240 3724 1312 3784; x_wconf 90' lang='lat' dir='ltr'><strong>N.</strong></span> <span class='ocrx_word' id='word_1_246' title='bbox 1348 3724 1420 3784; x_wconf 87' lang='grc' dir='ltr'><strong>Τ.</strong></span> <span class='ocrx_word' id='word_1_247' title='bbox 1452 3724 1562 3798; x_wconf 91' lang='lat' dir='ltr'><strong>IV,</strong></span> <span class='ocrx_word' id='word_1_248' title='bbox 1610 3743 1669 3799; x_wconf 90' lang='lat' dir='ltr'><strong>p.</strong></span> <span class='ocrx_word' id='word_1_249' title='bbox 1720 3729 1863 3784; x_wconf 80' lang='lat'><strong>347.</strong></span> <span class='ocrx_word' id='word_1_250' title='bbox 1912 3742 1989 3783; x_wconf 79' lang='lat' dir='ltr'><strong>SS.</strong></span> <span class='ocrx_word' id='word_1_251' title='bbox 2035 3724 2109 3784; x_wconf 90' lang='lat' dir='ltr'><strong>In</strong></span> <span class='ocrx_word' id='word_1_252' title='bbox 2156 3724 2359 3784; x_wconf 87' lang='lat' dir='ltr'><strong>codice</strong></span> 
     </span>
    </p>
   </div>
  </div>
 </body>
</html>
