2775 4400
447 252 528 306 40
1299 247 1663 306 ANSELMI

445 431 611 490 fecta
659 439 794 490 erat
835 432 898 488 in
941 429 1188 489 numero
1209 475 1224 502 ‚
1270 448 1388 489 non
1435 436 1571 488 erat
1614 430 1889 503 perfecta
1934 430 1997 488 in
2043 430 2512 510 confirmatione,

447 541 509 593 et
569 535 917 593 differenda
969 540 1104 592 erat
1165 535 1293 592 eius
1339 533 1708 592 confirmatio
1729 579 1743 605 ,
1806 534 2043 591 etiamsi
2086 534 2290 592 nullus
2333 535 2397 590 in
2438 549 2515 590 ea.

443 646 792 716 peccasset,
853 654 1044 710 usque
1097 637 1177 695 ad
1225 637 1475 696 eandem
1519 637 1725 694 mundi
1770 653 1946 709 quam
1991 642 2381 709 expectamus
2422 653 2515 693 re-

443 742 858 812 novationem3
927 747 1036 800 aut
1079 740 1132 798 si
1177 757 1294 798 non
1339 741 1569 799 diutius
1612 741 1722 798 illa
1767 741 2133 798 confirmatio
2181 739 2517 798 differenda

445 850 598 916 erat,
645 845 1046 904 acceleranda
1092 851 1228 902 erat
1270 843 1573 902 mundana
1617 844 1968 916 renovatio,
2012 850 2081 900 ut
2126 859 2257 900 cum
2306 842 2512 900 eadem

445 949 889 1006 confirmatione
961 948 1152 1006 fieret.
1229 947 1348 1006 Sed
1424 947 1582 1020 quod
1648 947 1931 1004 mundum
1989 947 2229 1004 noviter
2288 946 2515 1004 factum

445 1052 652 1110 statim
713 1051 860 1108 deus
919 1068 1216 1109 renovare
1279 1057 1340 1108 et
1385 1067 1491 1108 eas
1534 1067 1635 1107 res
1680 1066 1835 1122 quae
1880 1055 2019 1122 post
2060 1050 2515 1107 renovationem

441 1155 608 1212 illam
653 1171 770 1214 non
817 1165 1026 1225 erunt,
1073 1155 1136 1212 in
1181 1155 1312 1226 ipso
1357 1155 1571 1224 inicio,
1618 1159 1763 1210 ante
1808 1170 1984 1225 quam
2029 1159 2368 1225 appareret
2413 1169 2515 1210 cur

443 1258 648 1316 factae
707 1264 942 1328 essent,
1007 1258 1320 1316 destruere
1379 1258 1746 1328 instituerit,
1808 1258 1966 1314 omni
2026 1263 2199 1314 caret
2254 1257 2509 1314 ratione.

443 1361 728 1434 Sequitur
785 1362 1010 1434 igitur,
1073 1362 1214 1433 quia
1275 1361 1482 1433 angeli
1538 1377 1657 1417 non
1715 1361 1805 1417 ita
1866 1359 2117 1418 fuerunt
2158 1361 2224 1416 in
2267 1375 2513 1417 numero

441 1465 714 1537 perfecto
733 1509 748 1536 ,
809 1473 878 1522 ut
921 1482 1122 1522 eorum
1171 1465 1541 1522 confirmatio
1586 1481 1705 1521 non
1748 1463 1851 1521 diu
1876 1459 1895 1495 ¹
1941 1463 2289 1521 differretur
2308 1507 2324 1535 ‚
2380 1479 2509 1536 pro-

439 1573 656 1640 pterea
700 1569 842 1640 quia
883 1567 1088 1625 mundi
1130 1569 1272 1628 novi
1313 1568 1765 1625 renovationem
1808 1584 1946 1624 mox
1992 1573 2305 1640 oporteret
2346 1567 2506 1624 fieri:

442 1671 602 1742 quod
657 1688 775 1729 non
835 1673 1130 1730 convenit.
1205 1671 1376 1742 Quod
1434 1677 1635 1728 autem
1696 1670 1947 1728 eandem
2004 1671 2509 1728 confirmationem

441 1790 628 1847 usque
685 1775 768 1833 ad
823 1775 1028 1833 mundi
1085 1775 1352 1833 futuram
1414 1774 1863 1832 renovationem
1926 1774 2171 1831 differre
2217 1774 2369 1830 deus
2414 1790 2507 1832 vos

440 1878 654 1950 luerit,
711 1879 1148 1938 inconvenieus·
1183 1878 1456 1948 videtur,
1501 1879 1861 1950 praesertim
1906 1894 2039 1934 cum
2081 1877 2249 1934 illam
2295 1878 2358 1934 in
2405 1877 2509 1934 ali·

441 1983 656 2054 quibus
699 1987 824 2040 tam
871 1984 990 2040 cito
1033 1981 1384 2054 perfecerit,
1431 1989 1493 2038 et
1538 1998 1667 2039 cnm
1708 1981 1987 2053 intellegi
2014 1981 2229 2054 possit,
2278 1981 2421 2052 quia
2448 1980 2511 2036 in

439 2085 650 2166 primis
693 2085 1062 2154 homiuibuS,
1125 2085 1364 2157 quando
1412 2090 1853 2157 peccaverunt,
1914 2085 2081 2142 illam
2127 2083 2413 2154 fecisset,
2458 2085 2508 2140 si

439 2204 556 2245 non
629 2196 1016 2259 peccassent,
1093 2189 1249 2246 sicut
1323 2188 1473 2247 fecit
1544 2189 1605 2246 in
1668 2189 2205 2261 perseverantibus
2250 2187 2503 2261 angelis,

439 2289 724 2361 Quamvis
769 2290 922 2348 enim
966 2290 1224 2348 nondum
1257 2292 1737 2364 proveherentur
1765 2291 1845 2349 ad
1876 2292 2043 2349 illam
2074 2292 2507 2364 aequalitatem

439 2394 790 2467 angelorum
809 2438 825 2463 ,
886 2393 966 2451 ad
1011 2410 1188 2467 quam
1231 2397 1587 2467 perventuri
1630 2402 1805 2453 erant
1850 2396 2153 2465 homines,
2200 2412 2331 2452 cum
2377 2411 2505 2467 per-

437 2498 636 2555 fectus
695 2507 859 2556 esset
913 2514 1196 2556 numerus
1255 2498 1332 2555 de
1375 2499 1499 2556 illis
1542 2499 1971 2569 assumendus3
2044 2500 2109 2555 in
2152 2498 2263 2555 illa
2306 2505 2506 2555 tamen

435 2602 677 2659 iusticia
721 2602 786 2659 in
829 2618 948 2673 qua
993 2609 1190 2671 erant,
1235 2602 1499 2671 videtur,
1546 2603 1687 2674 quia
1728 2603 1783 2659 si
1813 2603 2101 2660 vicissent
2130 2608 2200 2658 ut
2228 2602 2507 2675 temptati

437 2720 556 2761 non
619 2716 944 2776 peccarent
963 2750 978 2768 ,
1051 2706 1142 2763 ita
1211 2705 1709 2764 confirmarentur
1768 2721 1897 2763 cum
1956 2706 2117 2762 omni
2172 2706 2505 2777 propagine

437 2822 566 2865 sna.
611 2818 676 2863 ut
709 2807 872 2864 ultra
903 2825 1160 2879 peceare
1189 2826 1306 2865 non
1337 2817 1617 2881 possent:
1665 2809 2157 2880 quemadmodum
2187 2810 2333 2880 quia
2364 2808 2505 2867 victi

435 2919 840 2981 peecaverunt
863 2954 880 2979 ,
941 2912 1028 2969 sic
1083 2911 1368 2969 infirmati
1423 2922 1561 2968 sunt
1582 2956 1599 2981 ‚
1644 2918 1710 2968 ut
1756 2918 2043 2984 quantum
2090 2913 2155 2969 in
2198 2912 2353 2983 ipsis
2396 2917 2507 2981 est,

435 3014 566 3070 sine
621 3028 876 3085 peccato
933 3030 1068 3071 esse
1125 3032 1242 3071 non
1301 3016 1557 3087 possint.
1634 3015 1779 3085 Quis
1832 3016 1990 3071 euim
2034 3014 2263 3072 audeat
2308 3015 2509 3073 dicere

433 3117 572 3189 plus
613 3117 822 3175 valere
867 3118 1228 3175 iniusticiam
1273 3118 1354 3175 ad
1385 3118 1761 3190 alligandum
1792 3119 1855 3175 in
1885 3119 2185 3175 servitute
2214 3119 2509 3176 hominem

433 3222 496 3277 in
541 3223 734 3293 prima
777 3222 1060 3279 suasione
1103 3222 1220 3277 sibi
1251 3222 1741 3282 consentientem,
1788 3238 1965 3293 qnam
1996 3222 2235 3278 valeret
2262 3223 2509 3279 iusticia

431 3324 512 3381 ad
571 3325 1036 3382 confirmandum
1097 3340 1230 3382 eum
1283 3326 1346 3383 in
1402 3326 1729 3388 libertate,
1788 3326 1907 3382 sibi
1949 3326 2011 3382 in
2056 3325 2271 3383 eadem
2312 3326 2511 3398 prima

616 3644 848 3697 KLNP:
883 3646 989 3696 dit·
1033 3660 1174 3696 nvn.

1050 3866 1090 3888 μ.
