<?xml version="1.0" encoding="UTF-8"?>
<!DOCTYPE html PUBLIC "-//W3C//DTD XHTML 1.0 Transitional//EN"
    "http://www.w3.org/TR/xhtml1/DTD/xhtml1-transitional.dtd">
<html xmlns="http://www.w3.org/1999/xhtml" xml:lang="en" lang="en">
 <head>
  <title>
</title>
<meta http-equiv="Content-Type" content="text/html;charset=utf-8" />
  <meta name='ocr-system' content='tesseract 3.04.00' />
  <meta name='ocr-capabilities' content='ocr_page ocr_carea ocr_par ocr_line ocrx_word'/>
</head>
<body>
  <div class='ocr_page' id='page_1' title='image "anselmicantuari00unkngoog_0071.png"; bbox 0 0 2775 4400; ppageno 0'>
   <div class='ocr_carea' id='block_1_1' title="bbox 779 174 2323 294">
    <p class='ocr_par' dir='ltr' id='par_1_1' title="bbox 779 174 2323 294">
     <span class='ocr_line' id='line_1_1' title="bbox 779 174 2323 294; baseline 0.001 -2"><span class='ocrx_word' id='word_1_1' title='bbox 779 233 935 292; x_wconf 84' lang='lat' dir='ltr'><strong>OUR</strong></span> <span class='ocrx_word' id='word_1_2' title='bbox 981 174 1190 294; x_wconf 58' lang='lat' dir='ltr'><strong>DEbS</strong></span> <span class='ocrx_word' id='word_1_3' title='bbox 1237 233 1485 293; x_wconf 78' lang='lat' dir='ltr'><strong>HOMO.</strong></span> <span class='ocrx_word' id='word_1_4' title='bbox 1534 235 1585 292; x_wconf 90' lang='grc' dir='ltr'><strong>Ι.</strong></span> <span class='ocrx_word' id='word_1_5' title='bbox 1634 255 1776 294; x_wconf 84' lang='lat' dir='ltr'><strong>xxv.</strong></span> <span class='ocrx_word' id='word_1_6' title='bbox 2244 241 2323 294; x_wconf 72' lang='lat'><strong>5?</strong></span> 
     </span>
    </p>
   </div>
   <div class='ocr_carea' id='block_1_2' title="bbox 231 410 2327 1731">
    <p class='ocr_par' dir='ltr' id='par_1_2' title="bbox 231 410 2327 1731">
     <span class='ocr_line' id='line_1_2' title="bbox 251 410 2326 492; baseline 0.004 -22"><span class='ocrx_word' id='word_1_7' title='bbox 251 413 350 472; x_wconf 89' lang='lat' dir='ltr'><strong>hoc</strong></span> <span class='ocrx_word' id='word_1_8' title='bbox 393 432 545 487; x_wconf 89' lang='lat' dir='ltr'><strong>esse,</strong></span> <span class='ocrx_word' id='word_1_9' title='bbox 596 417 749 488; x_wconf 90' lang='lat' dir='ltr'><strong>quid</strong></span> <span class='ocrx_word' id='word_1_10' title='bbox 793 417 932 474; x_wconf 88' lang='lat' dir='ltr'><strong>huic</strong></span> <span class='ocrx_word' id='word_1_11' title='bbox 975 417 1521 490; x_wconf 76' lang='lat' dir='ltr'><strong>respondebimus?</strong></span> <span class='ocrx_word' id='word_1_12' title='bbox 1570 410 1729 477; x_wconf 76' lang='lat' dir='ltr'><strong>Ans.</strong></span> <span class='ocrx_word' id='word_1_13' title='bbox 1756 418 1932 490; x_wconf 70' lang='lat' dir='ltr'><strong>Quid</strong></span> <span class='ocrx_word' id='word_1_14' title='bbox 1960 420 2326 492; x_wconf 87' lang='lat' dir='ltr'><strong>responden·</strong></span> 
     </span>
     <span class='ocr_line' id='line_1_3' title="bbox 247 517 2326 596; baseline 0.003 -22"><span class='ocrx_word' id='word_1_15' title='bbox 247 517 384 574; x_wconf 87' lang='lat' dir='ltr'><strong>dum.</strong></span> <span class='ocrx_word' id='word_1_16' title='bbox 420 525 516 576; x_wconf 87' lang='lat' dir='ltr'><strong>est</strong></span> <span class='ocrx_word' id='word_1_17' title='bbox 560 520 702 592; x_wconf 89' lang='lat' dir='ltr'><strong>illi,</strong></span> <span class='ocrx_word' id='word_1_18' title='bbox 760 521 860 593; x_wconf 88' lang='lat' dir='ltr'><strong>qui</strong></span> <span class='ocrx_word' id='word_1_19' title='bbox 904 520 1128 578; x_wconf 89' lang='lat' dir='ltr'><strong>idcirco</strong></span> <span class='ocrx_word' id='word_1_20' title='bbox 1177 521 1402 578; x_wconf 87' lang='lat' dir='ltr'><strong>astruit</strong></span> <span class='ocrx_word' id='word_1_21' title='bbox 1447 538 1579 580; x_wconf 88' lang='lat' dir='ltr'><strong>esse</strong></span> <span class='ocrx_word' id='word_1_22' title='bbox 1625 522 1976 594; x_wconf 88' lang='lat' dir='ltr'><strong>inpossibile</strong></span> <span class='ocrx_word' id='word_1_23' title='bbox 2024 523 2180 596; x_wconf 91' lang='lat' dir='ltr'><strong>quod</strong></span> <span class='ocrx_word' id='word_1_24' title='bbox 2225 540 2326 581; x_wconf 91' lang='lat' dir='ltr'><strong>ne-</strong></span> 
     </span>
     <span class='ocr_line' id='line_1_4' title="bbox 243 619 2324 696; baseline 0.004 -20"><span class='ocrx_word' id='word_1_25' title='bbox 243 636 400 678; x_wconf 88' lang='lat' dir='ltr'><strong>cesse</strong></span> <span class='ocrx_word' id='word_1_26' title='bbox 447 628 545 679; x_wconf 90' lang='lat' dir='ltr'><strong>est</strong></span> <span class='ocrx_word' id='word_1_27' title='bbox 594 639 754 695; x_wconf 90' lang='lat' dir='ltr'><strong>esse,</strong></span> <span class='ocrx_word' id='word_1_28' title='bbox 803 623 944 695; x_wconf 83' lang='lat' dir='ltr'><strong>quia</strong></span> <span class='ocrx_word' id='word_1_29' title='bbox 989 623 1202 695; x_wconf 92' lang='lat' dir='ltr'><strong>nescit,</strong></span> <span class='ocrx_word' id='word_1_30' title='bbox 1251 625 1539 696; x_wconf 87' lang='lat' dir='ltr'><strong>quomodo</strong></span> <span class='ocrx_word' id='word_1_31' title='bbox 1589 625 1715 682; x_wconf 88' lang='lat' dir='ltr'><strong>sit‘?</strong></span> <span class='ocrx_word' id='word_1_32' title='bbox 1784 619 1938 684; x_wconf 83' lang='lat' dir='ltr'><strong>Bos.</strong></span> <span class='ocrx_word' id='word_1_33' title='bbox 1988 626 2137 695; x_wconf 80' lang='lat' dir='ltr'><strong>Quia</strong></span> <span class='ocrx_word' id='word_1_34' title='bbox 2182 627 2324 684; x_wconf 89' lang='lat' dir='ltr'><strong>insi-</strong></span> 
     </span>
     <span class='ocr_line' id='line_1_5' title="bbox 236 719 2325 801; baseline 0.003 -21"><span class='ocrx_word' id='word_1_35' title='bbox 236 724 402 794; x_wconf 87' lang='lat' dir='ltr'><strong>piens</strong></span> <span class='ocrx_word' id='word_1_36' title='bbox 450 731 566 783; x_wconf 90' lang='lat' dir='ltr'><strong>est.</strong></span> <span class='ocrx_word' id='word_1_37' title='bbox 621 719 788 784; x_wconf 75' lang='lat' dir='ltr'><strong>Ans·</strong></span> <span class='ocrx_word' id='word_1_38' title='bbox 838 725 1385 798; x_wconf 73' lang='lat' dir='ltr'><strong>contempnendum</strong></span> <span class='ocrx_word' id='word_1_39' title='bbox 1434 734 1528 785; x_wconf 91' lang='lat' dir='ltr'><strong>est</strong></span> <span class='ocrx_word' id='word_1_40' title='bbox 1573 744 1719 801; x_wconf 88' lang='lat' dir='ltr'><strong>ergo</strong></span> <span class='ocrx_word' id='word_1_41' title='bbox 1765 727 1933 800; x_wconf 77' lang='lat' dir='ltr'><strong>quod</strong></span> <span class='ocrx_word' id='word_1_42' title='bbox 1954 729 2117 786; x_wconf 89' lang='lat' dir='ltr'><strong>dicit.</strong></span> <span class='ocrx_word' id='word_1_43' title='bbox 2168 723 2325 788; x_wconf 76' lang='lat' dir='ltr'><strong>Bos.</strong></span> 
     </span>
     <span class='ocr_line' id='line_1_6' title="bbox 235 825 2327 904; baseline 0.004 -22"><span class='ocrx_word' id='word_1_44' title='bbox 235 825 454 884; x_wconf 85' lang='lat' dir='ltr'><strong>Verum</strong></span> <span class='ocrx_word' id='word_1_45' title='bbox 497 835 619 900; x_wconf 92' lang='lat' dir='ltr'><strong>est,</strong></span> <span class='ocrx_word' id='word_1_46' title='bbox 673 829 780 887; x_wconf 90' lang='lat' dir='ltr'><strong>sed</strong></span> <span class='ocrx_word' id='word_1_47' title='bbox 817 829 928 888; x_wconf 89' lang='lat' dir='ltr'><strong>hoc</strong></span> <span class='ocrx_word' id='word_1_48' title='bbox 958 831 1154 903; x_wconf 90' lang='lat' dir='ltr'><strong>ipsum</strong></span> <span class='ocrx_word' id='word_1_49' title='bbox 1186 836 1279 887; x_wconf 88' lang='lat' dir='ltr'><strong>est</strong></span> <span class='ocrx_word' id='word_1_50' title='bbox 1308 831 1409 888; x_wconf 83' lang='lat' dir='ltr'><strong>illi-</strong></span> <span class='ocrx_word' id='word_1_51' title='bbox 1437 831 1888 903; x_wconf 90' lang='lat' dir='ltr'><strong>ostendendum,</strong></span> <span class='ocrx_word' id='word_1_52' title='bbox 1939 849 2056 904; x_wconf 89' lang='lat' dir='ltr'><strong>qua</strong></span> <span class='ocrx_word' id='word_1_53' title='bbox 2086 833 2327 891; x_wconf 88' lang='lat' dir='ltr'><strong>ratione</strong></span> 
     </span>
     <span class='ocr_line' id='line_1_7' title="bbox 236 927 2327 1007; baseline 0.004 -21"><span class='ocrx_word' id='word_1_54' title='bbox 236 930 312 986; x_wconf 90' lang='lat' dir='ltr'><strong>sit</strong></span> <span class='ocrx_word' id='word_1_55' title='bbox 357 931 516 1002; x_wconf 89' lang='lat' dir='ltr'><strong>quod</strong></span> <span class='ocrx_word' id='word_1_56' title='bbox 567 939 757 1005; x_wconf 92' lang='lat' dir='ltr'><strong>putat</strong></span> <span class='ocrx_word' id='word_1_57' title='bbox 801 933 1174 1006; x_wconf 88' lang='lat' dir='ltr'><strong>inpossibile.</strong></span> <span class='ocrx_word' id='word_1_58' title='bbox 1244 927 1405 993; x_wconf 80' lang='lat' dir='ltr'><strong>Ans.</strong></span> <span class='ocrx_word' id='word_1_59' title='bbox 1453 935 1551 992; x_wconf 89' lang='lat' dir='ltr'><strong>An</strong></span> <span class='ocrx_word' id='word_1_60' title='bbox 1596 952 1713 992; x_wconf 89' lang='lat' dir='ltr'><strong>non</strong></span> <span class='ocrx_word' id='word_1_61' title='bbox 1756 935 2065 1007; x_wconf 82' lang='lat' dir='ltr'><strong>intellegis</strong></span> <span class='ocrx_word' id='word_1_62' title='bbox 2112 951 2187 992; x_wconf 84' lang='lat' dir='ltr'><strong>ex</strong></span> <span class='ocrx_word' id='word_1_63' title='bbox 2229 936 2327 994; x_wconf 91' lang='lat' dir='ltr'><strong>his</strong></span> 
     </span>
     <span class='ocr_line' id='line_1_8' title="bbox 235 1037 2323 1111; baseline 0.003 -21"><span class='ocrx_word' id='word_1_64' title='bbox 235 1048 382 1102; x_wconf 88' lang='lat' dir='ltr'><strong>quae</strong></span> <span class='ocrx_word' id='word_1_65' title='bbox 428 1051 631 1108; x_wconf 88' lang='lat' dir='ltr'><strong>supra</strong></span> <span class='ocrx_word' id='word_1_66' title='bbox 682 1037 970 1108; x_wconf 77' lang='lat' dir='ltr'><strong>diximuS,</strong></span> <span class='ocrx_word' id='word_1_67' title='bbox 1033 1037 1174 1108; x_wconf 86' lang='lat' dir='ltr'><strong>quia</strong></span> <span class='ocrx_word' id='word_1_68' title='bbox 1219 1053 1467 1096; x_wconf 87' lang='lat' dir='ltr'><strong>necesse</strong></span> <span class='ocrx_word' id='word_1_69' title='bbox 1514 1043 1607 1095; x_wconf 87' lang='lat' dir='ltr'><strong>est</strong></span> <span class='ocrx_word' id='word_1_70' title='bbox 1650 1037 1885 1111; x_wconf 88' lang='lat' dir='ltr'><strong>aliquos</strong></span> <span class='ocrx_word' id='word_1_71' title='bbox 1932 1038 2197 1096; x_wconf 89' lang='lat' dir='ltr'><strong>homines</strong></span> <span class='ocrx_word' id='word_1_72' title='bbox 2244 1040 2323 1097; x_wconf 91' lang='lat' dir='ltr'><strong>ad</strong></span> 
     </span>
     <span class='ocr_line' id='line_1_9' title="bbox 233 1125 2327 1213; baseline 0.004 -22"><span class='ocrx_word' id='word_1_73' title='bbox 233 1135 684 1197; x_wconf 90' lang='lat' dir='ltr'><strong>beatitudinem</strong></span> <span class='ocrx_word' id='word_1_74' title='bbox 756 1141 1123 1213; x_wconf 81' lang='lat' dir='ltr'><strong>pervenire?</strong></span> <span class='ocrx_word' id='word_1_75' title='bbox 1209 1140 1364 1198; x_wconf 90' lang='lat' dir='ltr'><strong>Nam</strong></span> <span class='ocrx_word' id='word_1_76' title='bbox 1442 1141 1494 1198; x_wconf 89' lang='lat' dir='ltr'><strong>si</strong></span> <span class='ocrx_word' id='word_1_77' title='bbox 1570 1141 1679 1198; x_wconf 88' lang='lat' dir='ltr'><strong>deo</strong></span> <span class='ocrx_word' id='word_1_78' title='bbox 1740 1142 2167 1201; x_wconf 88' lang='lat' dir='ltr'><strong>inconveniens</strong></span> <span class='ocrx_word' id='word_1_79' title='bbox 2229 1125 2327 1200; x_wconf 84' lang='lat' dir='ltr'><strong>est</strong></span> 
     </span>
     <span class='ocr_line' id='line_1_10' title="bbox 232 1237 2325 1325; baseline 0.004 -30"><span class='ocrx_word' id='word_1_80' title='bbox 232 1237 530 1300; x_wconf 89' lang='lat' dir='ltr'><strong>hominem</strong></span> <span class='ocrx_word' id='word_1_81' title='bbox 597 1261 731 1300; x_wconf 91' lang='lat' dir='ltr'><strong>cum</strong></span> <span class='ocrx_word' id='word_1_82' title='bbox 792 1243 997 1316; x_wconf 88' lang='lat' dir='ltr'><strong>aliqua</strong></span> <span class='ocrx_word' id='word_1_83' title='bbox 1049 1243 1285 1302; x_wconf 90' lang='lat' dir='ltr'><strong>macula</strong></span> <span class='ocrx_word' id='word_1_84' title='bbox 1329 1245 1664 1325; x_wconf 85' lang='lat' dir='ltr'><strong>perducere</strong></span> <span class='ocrx_word' id='word_1_85' title='bbox 1710 1245 1790 1302; x_wconf 92' lang='lat' dir='ltr'><strong>ad</strong></span> <span class='ocrx_word' id='word_1_86' title='bbox 1834 1245 1977 1317; x_wconf 90' lang='lat' dir='ltr'><strong>hoc,</strong></span> <span class='ocrx_word' id='word_1_87' title='bbox 2038 1245 2117 1303; x_wconf 88' lang='lat' dir='ltr'><strong>ad</strong></span> <span class='ocrx_word' id='word_1_88' title='bbox 2165 1247 2325 1318; x_wconf 88' lang='lat' dir='ltr'><strong>quod</strong></span> 
     </span>
     <span class='ocr_line' id='line_1_11' title="bbox 231 1341 2321 1421; baseline 0.004 -24"><span class='ocrx_word' id='word_1_89' title='bbox 231 1341 394 1400; x_wconf 89' lang='lat' dir='ltr'><strong>illum</strong></span> <span class='ocrx_word' id='word_1_90' title='bbox 443 1347 584 1404; x_wconf 90' lang='lat' dir='ltr'><strong>sine</strong></span> <span class='ocrx_word' id='word_1_91' title='bbox 635 1347 793 1404; x_wconf 90' lang='lat' dir='ltr'><strong>omni</strong></span> <span class='ocrx_word' id='word_1_92' title='bbox 832 1348 1068 1404; x_wconf 88' lang='lat' dir='ltr'><strong>macula</strong></span> <span class='ocrx_word' id='word_1_93' title='bbox 1097 1347 1267 1418; x_wconf 86' lang='lat' dir='ltr'><strong>fecit,</strong></span> <span class='ocrx_word' id='word_1_94' title='bbox 1315 1364 1390 1404; x_wconf 89' lang='lat' dir='ltr'><strong>ne</strong></span> <span class='ocrx_word' id='word_1_95' title='bbox 1422 1355 1530 1406; x_wconf 84' lang='lat' dir='ltr'><strong>aut</strong></span> <span class='ocrx_word' id='word_1_96' title='bbox 1559 1349 1700 1405; x_wconf 92' lang='lat' dir='ltr'><strong>boni</strong></span> <span class='ocrx_word' id='word_1_97' title='bbox 1728 1349 1956 1421; x_wconf 80' lang='lat' dir='ltr'><strong>incepti</strong></span> <span class='ocrx_word' id='word_1_98' title='bbox 1984 1349 2321 1421; x_wconf 89' lang='lat' dir='ltr'><strong>paenitere,</strong></span> 
     </span>
     <span class='ocr_line' id='line_1_12' title="bbox 235 1450 2323 1525; baseline 0.004 -25"><span class='ocrx_word' id='word_1_99' title='bbox 235 1451 336 1502; x_wconf 83' lang='lat' dir='ltr'><strong>aut</strong></span> <span class='ocrx_word' id='word_1_100' title='bbox 391 1450 784 1522; x_wconf 89' lang='lat' dir='ltr'><strong>propositum</strong></span> <span class='ocrx_word' id='word_1_101' title='bbox 828 1450 1078 1522; x_wconf 89' lang='lat' dir='ltr'><strong>implere</strong></span> <span class='ocrx_word' id='word_1_102' title='bbox 1123 1466 1240 1507; x_wconf 90' lang='lat' dir='ltr'><strong>non</strong></span> <span class='ocrx_word' id='word_1_103' title='bbox 1283 1467 1462 1524; x_wconf 89' lang='lat' dir='ltr'><strong>posse</strong></span> <span class='ocrx_word' id='word_1_104' title='bbox 1508 1451 1823 1509; x_wconf 88' lang='lat' dir='ltr'><strong>videatur:</strong></span> <span class='ocrx_word' id='word_1_105' title='bbox 1894 1452 2077 1509; x_wconf 89' lang='lat' dir='ltr'><strong>multo</strong></span> <span class='ocrx_word' id='word_1_106' title='bbox 2124 1454 2323 1525; x_wconf 88' lang='lat' dir='ltr'><strong>magis</strong></span> 
     </span>
     <span class='ocr_line' id='line_1_13' title="bbox 231 1553 2318 1626; baseline 0.004 -22"><span class='ocrx_word' id='word_1_107' title='bbox 231 1557 484 1622; x_wconf 88' lang='lat' dir='ltr'><strong>propter</strong></span> <span class='ocrx_word' id='word_1_108' title='bbox 533 1553 793 1610; x_wconf 87' lang='lat' dir='ltr'><strong>eandem</strong></span> <span class='ocrx_word' id='word_1_109' title='bbox 834 1553 1376 1612; x_wconf 83' lang='lat' dir='ltr'><strong>inconvenientiam</strong></span> <span class='ocrx_word' id='word_1_110' title='bbox 1423 1554 1777 1626; x_wconf 87' lang='lat' dir='ltr'><strong>inpossibile</strong></span> <span class='ocrx_word' id='word_1_111' title='bbox 1825 1560 1918 1611; x_wconf 88' lang='lat' dir='ltr'><strong>est</strong></span> <span class='ocrx_word' id='word_1_112' title='bbox 1960 1555 2187 1613; x_wconf 89' lang='lat' dir='ltr'><strong>nullum</strong></span> <span class='ocrx_word' id='word_1_113' title='bbox 2216 1555 2318 1613; x_wconf 89' lang='lat' dir='ltr'><strong>ho-</strong></span> 
     </span>
     <span class='ocr_line' id='line_1_14' title="bbox 233 1652 2326 1731; baseline 0.004 -24"><span class='ocrx_word' id='word_1_114' title='bbox 233 1652 446 1711; x_wconf 86' lang='lat' dir='ltr'><strong>minem</strong></span> <span class='ocrx_word' id='word_1_115' title='bbox 515 1656 606 1713; x_wconf 81' lang='lat' dir='ltr'><strong>ad</strong></span> <span class='ocrx_word' id='word_1_116' title='bbox 663 1657 775 1714; x_wconf 91' lang='lat' dir='ltr'><strong>hoc</strong></span> <span class='ocrx_word' id='word_1_117' title='bbox 817 1657 1102 1729; x_wconf 87' lang='lat' dir='ltr'><strong>provehi,</strong></span> <span class='ocrx_word' id='word_1_118' title='bbox 1165 1657 1243 1714; x_wconf 89' lang='lat' dir='ltr'><strong>ad</strong></span> <span class='ocrx_word' id='word_1_119' title='bbox 1291 1657 1448 1730; x_wconf 89' lang='lat' dir='ltr'><strong>quod</strong></span> <span class='ocrx_word' id='word_1_120' title='bbox 1495 1657 1698 1715; x_wconf 81' lang='lat' dir='ltr'><strong>factus</strong></span> <span class='ocrx_word' id='word_1_121' title='bbox 1746 1663 1857 1714; x_wconf 89' lang='lat' dir='ltr'><strong>est.</strong></span> <span class='ocrx_word' id='word_1_122' title='bbox 1940 1656 2326 1731; x_wconf 83' lang='lat' dir='ltr'><strong>Quapropter</strong></span> 
     </span>
    </p>
   </div>
   <div class='ocr_carea' id='block_1_3' title="bbox 235 1759 2429 1836">
    <p class='ocr_par' dir='ltr' id='par_1_3' title="bbox 235 1759 2429 1836">
     <span class='ocr_line' id='line_1_15' title="bbox 235 1759 2429 1836; baseline 0.004 -25"><span class='ocrx_word' id='word_1_123' title='bbox 235 1761 362 1813; x_wconf 89' lang='lat' dir='ltr'><strong>aut·</strong></span> <span class='ocrx_word' id='word_1_124' title='bbox 398 1765 590 1817; x_wconf 85' lang='lat' dir='ltr'><strong>extra</strong></span> <span class='ocrx_word' id='word_1_125' title='bbox 642 1759 816 1818; x_wconf 86' lang='lat' dir='ltr'><strong>fidem</strong></span> <span class='ocrx_word' id='word_1_126' title='bbox 875 1759 1266 1818; x_wconf 81' lang='lat' dir='ltr'><strong>christianam</strong></span> <span class='ocrx_word' id='word_1_127' title='bbox 1309 1761 1675 1819; x_wconf 88' lang='lat' dir='ltr'><strong>invenienda</strong></span> <span class='ocrx_word' id='word_1_128' title='bbox 1724 1767 1818 1818; x_wconf 89' lang='lat' dir='ltr'><strong>est</strong></span> <span class='ocrx_word' id='word_1_129' title='bbox 1860 1762 2097 1833; x_wconf 88' lang='lat' dir='ltr'><strong>peccati</strong></span> <span class='ocrx_word' id='word_1_130' title='bbox 2146 1763 2322 1819; x_wconf 87' lang='lat' dir='ltr'><strong>satis·</strong></span> <span class='ocrx_word' id='word_1_131' title='bbox 2425 1834 2429 1836; x_wconf 73' lang='lat'>.</span> 
     </span>
    </p>
   </div>
   <div class='ocr_carea' id='block_1_4' title="bbox 234 1857 2326 3485">
    <p class='ocr_par' dir='ltr' id='par_1_4' title="bbox 234 1857 2326 3485">
     <span class='ocr_line' id='line_1_16' title="bbox 235 1857 2323 1936; baseline 0.003 -21"><span class='ocrx_word' id='word_1_132' title='bbox 235 1857 459 1934; x_wconf 86' lang='lat' dir='ltr'><strong>factio,</strong></span> <span class='ocrx_word' id='word_1_133' title='bbox 529 1862 769 1936; x_wconf 87' lang='lat' dir='ltr'><strong>qualem</strong></span> <span class='ocrx_word' id='word_1_134' title='bbox 816 1879 1002 1936; x_wconf 88' lang='lat' dir='ltr'><strong>supra</strong></span> <span class='ocrx_word' id='word_1_135' title='bbox 1049 1879 1180 1920; x_wconf 89' lang='lat' dir='ltr'><strong>esse</strong></span> <span class='ocrx_word' id='word_1_136' title='bbox 1228 1864 1449 1921; x_wconf 90' lang='lat' dir='ltr'><strong>debere</strong></span> <span class='ocrx_word' id='word_1_137' title='bbox 1498 1864 1899 1935; x_wconf 85' lang='lat' dir='ltr'><strong>ostendimus,</strong></span> <span class='ocrx_word' id='word_1_138' title='bbox 1958 1863 2114 1935; x_wconf 87' lang='lat' dir='ltr'><strong>quod</strong></span> <span class='ocrx_word' id='word_1_139' title='bbox 2160 1865 2323 1934; x_wconf 4' lang='lat' dir='ltr'><strong>raptio</strong></span> 
     </span>
     <span class='ocr_line' id='line_1_17' title="bbox 234 1962 2321 2038; baseline 0.004 -21"><span class='ocrx_word' id='word_1_140' title='bbox 234 1962 398 2022; x_wconf 88' lang='lat' dir='ltr'><strong>nulla</strong></span> <span class='ocrx_word' id='word_1_141' title='bbox 453 1972 670 2038; x_wconf 91' lang='lat' dir='ltr'><strong>potest</strong></span> <span class='ocrx_word' id='word_1_142' title='bbox 727 1967 1082 2038; x_wconf 86' lang='lat' dir='ltr'><strong>ostendere,</strong></span> <span class='ocrx_word' id='word_1_143' title='bbox 1145 1973 1252 2024; x_wconf 92' lang='lat' dir='ltr'><strong>aut</strong></span> <span class='ocrx_word' id='word_1_144' title='bbox 1295 1967 1713 2025; x_wconf 85' lang='lat' dir='ltr'><strong>indubitanter</strong></span> <span class='ocrx_word' id='word_1_145' title='bbox 1757 1968 1819 2024; x_wconf 91' lang='lat' dir='ltr'><strong>in</strong></span> <span class='ocrx_word' id='word_1_146' title='bbox 1865 1967 1973 2024; x_wconf 89' lang='lat' dir='ltr'><strong>illa</strong></span> <span class='ocrx_word' id='word_1_147' title='bbox 2020 1983 2149 2024; x_wconf 88' lang='lat' dir='ltr'><strong>esse</strong></span> <span class='ocrx_word' id='word_1_148' title='bbox 2198 1984 2321 2025; x_wconf 89' lang='lat' dir='ltr'><strong>cre-</strong></span> 
     </span>
     <span class='ocr_line' id='line_1_18' title="bbox 240 2063 2324 2140; baseline 0.003 -18"><span class='ocrx_word' id='word_1_149' title='bbox 240 2063 432 2126; x_wconf 88' lang='lat' dir='ltr'><strong>denda</strong></span> <span class='ocrx_word' id='word_1_150' title='bbox 496 2074 614 2127; x_wconf 87' lang='lat' dir='ltr'><strong>est.</strong></span> <span class='ocrx_word' id='word_1_151' title='bbox 687 2069 859 2140; x_wconf 76' lang='lat' dir='ltr'><strong>Quod</strong></span> <span class='ocrx_word' id='word_1_152' title='bbox 923 2069 1077 2126; x_wconf 87' lang='lat' dir='ltr'><strong>enim</strong></span> <span class='ocrx_word' id='word_1_153' title='bbox 1138 2071 1487 2128; x_wconf 88' lang='lat' dir='ltr'><strong>necessaria</strong></span> <span class='ocrx_word' id='word_1_154' title='bbox 1546 2071 1785 2128; x_wconf 88' lang='lat' dir='ltr'><strong>ratione</strong></span> <span class='ocrx_word' id='word_1_155' title='bbox 1841 2071 2144 2129; x_wconf 88' lang='lat' dir='ltr'><strong>veraciter</strong></span> <span class='ocrx_word' id='word_1_156' title='bbox 2190 2087 2324 2128; x_wconf 88' lang='lat' dir='ltr'><strong>esse</strong></span> 
     </span>
     <span class='ocr_line' id='line_1_19' title="bbox 238 2168 2319 2247; baseline 0.004 -22"><span class='ocrx_word' id='word_1_157' title='bbox 238 2169 572 2245; x_wconf 82' lang='lat' dir='ltr'><strong>colligitur,</strong></span> <span class='ocrx_word' id='word_1_158' title='bbox 618 2172 682 2231; x_wconf 92' lang='lat' dir='ltr'><strong>id</strong></span> <span class='ocrx_word' id='word_1_159' title='bbox 726 2173 787 2230; x_wconf 87' lang='lat' dir='ltr'><strong>in</strong></span> <span class='ocrx_word' id='word_1_160' title='bbox 832 2173 1059 2231; x_wconf 91' lang='lat' dir='ltr'><strong>nullam</strong></span> <span class='ocrx_word' id='word_1_161' title='bbox 1105 2173 1321 2232; x_wconf 90' lang='lat' dir='ltr'><strong>deduci</strong></span> <span class='ocrx_word' id='word_1_162' title='bbox 1365 2175 1548 2233; x_wconf 90' lang='lat' dir='ltr'><strong>debet</strong></span> <span class='ocrx_word' id='word_1_163' title='bbox 1588 2174 2023 2233; x_wconf 86' lang='lat' dir='ltr'><strong>dubitationem</strong></span> <span class='ocrx_word' id='word_1_164' title='bbox 2049 2168 2087 2247; x_wconf 89' lang='lat'><strong>¹,</strong></span> <span class='ocrx_word' id='word_1_165' title='bbox 2137 2175 2319 2233; x_wconf 89' lang='lat' dir='ltr'><strong>etiam</strong></span> 
     </span>
     <span class='ocr_line' id='line_1_20' title="bbox 241 2272 2323 2353; baseline 0.005 -27"><span class='ocrx_word' id='word_1_166' title='bbox 241 2272 290 2328; x_wconf 88' lang='lat' dir='ltr'><strong>si</strong></span> <span class='ocrx_word' id='word_1_167' title='bbox 329 2277 498 2335; x_wconf 89' lang='lat' dir='ltr'><strong>ratio</strong></span> <span class='ocrx_word' id='word_1_168' title='bbox 551 2276 838 2349; x_wconf 87' lang='lat' dir='ltr'><strong>quomodo</strong></span> <span class='ocrx_word' id='word_1_169' title='bbox 887 2278 968 2335; x_wconf 90' lang='lat' dir='ltr'><strong>sit</strong></span> <span class='ocrx_word' id='word_1_170' title='bbox 1013 2294 1130 2334; x_wconf 92' lang='lat' dir='ltr'><strong>non</strong></span> <span class='ocrx_word' id='word_1_171' title='bbox 1174 2278 1531 2350; x_wconf 86' lang='lat' dir='ltr'><strong>percipitur.</strong></span> <span class='ocrx_word' id='word_1_172' title='bbox 1580 2273 1733 2337; x_wconf 81' lang='lat' dir='ltr'><strong>Bos.</strong></span> <span class='ocrx_word' id='word_1_173' title='bbox 1784 2278 2009 2336; x_wconf 90' lang='lat' dir='ltr'><strong>Verum</strong></span> <span class='ocrx_word' id='word_1_174' title='bbox 2042 2284 2135 2335; x_wconf 89' lang='lat' dir='ltr'><strong>est</strong></span> <span class='ocrx_word' id='word_1_175' title='bbox 2167 2280 2323 2353; x_wconf 87' lang='lat' dir='ltr'><strong>quod</strong></span> 
     </span>
     <span class='ocr_line' id='line_1_21' title="bbox 241 2374 2324 2461; baseline 0.004 -29"><span class='ocrx_word' id='word_1_176' title='bbox 241 2374 407 2435; x_wconf 89' lang='lat' dir='ltr'><strong>dicis.</strong></span> <span class='ocrx_word' id='word_1_177' title='bbox 457 2375 626 2439; x_wconf 67' lang='lat' dir='ltr'><strong>Aue.</strong></span> <span class='ocrx_word' id='word_1_178' title='bbox 675 2379 829 2451; x_wconf 84' lang='lat' dir='ltr'><strong>Quid</strong></span> <span class='ocrx_word' id='word_1_179' title='bbox 875 2396 1021 2461; x_wconf 73' lang='lat' dir='ltr'><strong>ergo</strong></span> <span class='ocrx_word' id='word_1_180' title='bbox 1070 2381 1312 2452; x_wconf 84' lang='lat' dir='ltr'><strong>quaeris</strong></span> <span class='ocrx_word' id='word_1_181' title='bbox 1359 2382 1663 2453; x_wconf 79' lang='lat' dir='ltr'><strong>amplius?</strong></span> <span class='ocrx_word' id='word_1_182' title='bbox 1712 2376 1864 2440; x_wconf 76' lang='grc' dir='ltr'><strong>Βοε.</strong></span> <span class='ocrx_word' id='word_1_183' title='bbox 1912 2380 2048 2438; x_wconf 89' lang='lat' dir='ltr'><strong>Non</strong></span> <span class='ocrx_word' id='word_1_184' title='bbox 2094 2382 2170 2439; x_wconf 90' lang='lat' dir='ltr'><strong>ad</strong></span> <span class='ocrx_word' id='word_1_185' title='bbox 2212 2382 2324 2440; x_wconf 93' lang='lat' dir='ltr'><strong>hoc</strong></span> 
     </span>
     <span class='ocr_line' id='line_1_22' title="bbox 240 2482 2324 2555; baseline 0.003 -21"><span class='ocrx_word' id='word_1_186' title='bbox 240 2482 408 2555; x_wconf 90' lang='lat' dir='ltr'><strong>veni,</strong></span> <span class='ocrx_word' id='word_1_187' title='bbox 466 2488 540 2541; x_wconf 92' lang='lat' dir='ltr'><strong>ut</strong></span> <span class='ocrx_word' id='word_1_188' title='bbox 584 2482 831 2540; x_wconf 86' lang='lat' dir='ltr'><strong>auferas</strong></span> <span class='ocrx_word' id='word_1_189' title='bbox 875 2483 1020 2540; x_wconf 91' lang='lat' dir='ltr'><strong>mihi</strong></span> <span class='ocrx_word' id='word_1_190' title='bbox 1062 2483 1204 2540; x_wconf 91' lang='lat' dir='ltr'><strong>fidei</strong></span> <span class='ocrx_word' id='word_1_191' title='bbox 1250 2484 1719 2555; x_wconf 82' lang='lat' dir='ltr'><strong>dubitationem,</strong></span> <span class='ocrx_word' id='word_1_192' title='bbox 1768 2483 1875 2540; x_wconf 91' lang='lat' dir='ltr'><strong>sed</strong></span> <span class='ocrx_word' id='word_1_193' title='bbox 1921 2488 1988 2539; x_wconf 91' lang='lat' dir='ltr'><strong>ut</strong></span> <span class='ocrx_word' id='word_1_194' title='bbox 2036 2484 2324 2541; x_wconf 89' lang='lat' dir='ltr'><strong>ostendas</strong></span> 
     </span>
     <span class='ocr_line' id='line_1_23' title="bbox 239 2582 2324 2659; baseline 0.002 -20"><span class='ocrx_word' id='word_1_195' title='bbox 239 2583 380 2642; x_wconf 91' lang='lat' dir='ltr'><strong>mihi</strong></span> <span class='ocrx_word' id='word_1_196' title='bbox 453 2586 840 2645; x_wconf 87' lang='lat' dir='ltr'><strong>certitudinis</strong></span> <span class='ocrx_word' id='word_1_197' title='bbox 899 2603 1069 2643; x_wconf 89' lang='lat' dir='ltr'><strong>meae</strong></span> <span class='ocrx_word' id='word_1_198' title='bbox 1127 2582 1508 2659; x_wconf 75' lang='lat' dir='ltr'><strong>rationem23</strong></span> <span class='ocrx_word' id='word_1_199' title='bbox 1587 2593 1955 2659; x_wconf 85' lang='lat' dir='ltr'><strong>quapropter</strong></span> <span class='ocrx_word' id='word_1_200' title='bbox 2018 2587 2175 2643; x_wconf 89' lang='lat' dir='ltr'><strong>sicut</strong></span> <span class='ocrx_word' id='word_1_201' title='bbox 2229 2590 2324 2644; x_wconf 88' lang='lat' dir='ltr'><strong>m&#39;e</strong></span> 
     </span>
     <span class='ocr_line' id='line_1_24' title="bbox 240 2689 2321 2761; baseline 0.003 -21"><span class='ocrx_word' id='word_1_202' title='bbox 240 2689 692 2748; x_wconf 87' lang='lat' dir='ltr'><strong>rationabiliter</strong></span> <span class='ocrx_word' id='word_1_203' title='bbox 738 2690 1044 2747; x_wconf 86' lang='lat' dir='ltr'><strong>deduxisti</strong></span> <span class='ocrx_word' id='word_1_204' title='bbox 1090 2690 1169 2748; x_wconf 92' lang='lat' dir='ltr'><strong>ad</strong></span> <span class='ocrx_word' id='word_1_205' title='bbox 1213 2690 1344 2761; x_wconf 90' lang='lat' dir='ltr'><strong>hoc,</strong></span> <span class='ocrx_word' id='word_1_206' title='bbox 1395 2695 1463 2747; x_wconf 92' lang='lat' dir='ltr'><strong>ut</strong></span> <span class='ocrx_word' id='word_1_207' title='bbox 1506 2690 1745 2749; x_wconf 88' lang='lat' dir='ltr'><strong>videam</strong></span> <span class='ocrx_word' id='word_1_208' title='bbox 1790 2694 2177 2761; x_wconf 87' lang='lat' dir='ltr'><strong>peccatorem</strong></span> <span class='ocrx_word' id='word_1_209' title='bbox 2221 2689 2321 2747; x_wconf 89' lang='lat' dir='ltr'><strong>ho-</strong></span> 
     </span>
     <span class='ocr_line' id='line_1_25' title="bbox 239 2790 2321 2866; baseline 0.002 -20"><span class='ocrx_word' id='word_1_210' title='bbox 239 2790 457 2851; x_wconf 91' lang='lat' dir='ltr'><strong>minem</strong></span> <span class='ocrx_word' id='word_1_211' title='bbox 503 2793 615 2851; x_wconf 89' lang='lat' dir='ltr'><strong>hoc</strong></span> <span class='ocrx_word' id='word_1_212' title='bbox 657 2792 878 2851; x_wconf 91' lang='lat' dir='ltr'><strong>debere</strong></span> <span class='ocrx_word' id='word_1_213' title='bbox 912 2793 1022 2851; x_wconf 88' lang='lat' dir='ltr'><strong>deo</strong></span> <span class='ocrx_word' id='word_1_214' title='bbox 1054 2810 1164 2866; x_wconf 87' lang='lat' dir='ltr'><strong>pro</strong></span> <span class='ocrx_word' id='word_1_215' title='bbox 1198 2801 1469 2865; x_wconf 86' lang='lat' dir='ltr'><strong>peccat0,</strong></span> <span class='ocrx_word' id='word_1_216' title='bbox 1518 2794 1673 2866; x_wconf 87' lang='lat' dir='ltr'><strong>quod</strong></span> <span class='ocrx_word' id='word_1_217' title='bbox 1708 2798 1770 2849; x_wconf 90' lang='lat' dir='ltr'><strong>et</strong></span> <span class='ocrx_word' id='word_1_218' title='bbox 1799 2792 2057 2850; x_wconf 86' lang='lat' dir='ltr'><strong>reddere</strong></span> <span class='ocrx_word' id='word_1_219' title='bbox 2090 2793 2321 2865; x_wconf 88' lang='lat' dir='ltr'><strong>nequit,</strong></span> 
     </span>
     <span class='ocr_line' id='line_1_26' title="bbox 244 2896 2326 2969; baseline 0.002 -21"><span class='ocrx_word' id='word_1_220' title='bbox 244 2898 303 2950; x_wconf 91' lang='lat' dir='ltr'><strong>et</strong></span> <span class='ocrx_word' id='word_1_221' title='bbox 344 2897 467 2955; x_wconf 88' lang='lat' dir='ltr'><strong>nisi</strong></span> <span class='ocrx_word' id='word_1_222' title='bbox 513 2896 851 2954; x_wconf 87' lang='lat' dir='ltr'><strong>reddiderit</strong></span> <span class='ocrx_word' id='word_1_223' title='bbox 896 2897 1125 2955; x_wconf 88' lang='lat' dir='ltr'><strong>salvari</strong></span> <span class='ocrx_word' id='word_1_224' title='bbox 1173 2913 1289 2954; x_wconf 93' lang='lat' dir='ltr'><strong>non</strong></span> <span class='ocrx_word' id='word_1_225' title='bbox 1335 2896 1533 2955; x_wconf 87' lang='lat' dir='ltr'><strong>valet:</strong></span> <span class='ocrx_word' id='word_1_226' title='bbox 1582 2897 1671 2954; x_wconf 84' lang='lat' dir='ltr'><strong>ita</strong></span> <span class='ocrx_word' id='word_1_227' title='bbox 1716 2912 1809 2953; x_wconf 89' lang='lat' dir='ltr'><strong>me</strong></span> <span class='ocrx_word' id='word_1_228' title='bbox 1850 2896 1985 2955; x_wconf 90' lang='lat' dir='ltr'><strong>volo</strong></span> <span class='ocrx_word' id='word_1_229' title='bbox 2019 2897 2326 2969; x_wconf 88' lang='lat' dir='ltr'><strong>perducas</strong></span> 
     </span>
     <span class='ocr_line' id='line_1_27' title="bbox 242 2977 2325 3072; baseline 0.002 -21"><span class='ocrx_word' id='word_1_230' title='bbox 242 2994 421 3072; x_wconf 90' lang='lat' dir='ltr'><strong>illuc,</strong></span> <span class='ocrx_word' id='word_1_231' title='bbox 484 3005 554 3058; x_wconf 88' lang='lat' dir='ltr'><strong>ut</strong></span> <span class='ocrx_word' id='word_1_232' title='bbox 608 2977 963 3057; x_wconf 84' lang='lat' dir='ltr'><strong>rationabili</strong></span> <span class='ocrx_word' id='word_1_233' title='bbox 1024 3000 1388 3057; x_wconf 87' lang='lat' dir='ltr'><strong>necessitate</strong></span> <span class='ocrx_word' id='word_1_234' title='bbox 1450 3000 1800 3072; x_wconf 86' lang='lat' dir='ltr'><strong>intellegam</strong></span> <span class='ocrx_word' id='word_1_235' title='bbox 1862 3015 1993 3057; x_wconf 91' lang='lat' dir='ltr'><strong>esse</strong></span> <span class='ocrx_word' id='word_1_236' title='bbox 2042 3006 2325 3072; x_wconf 88' lang='lat' dir='ltr'><strong>oportere</strong></span> 
     </span>
     <span class='ocr_line' id='line_1_28' title="bbox 247 3102 2324 3175; baseline 0.002 -20"><span class='ocrx_word' id='word_1_237' title='bbox 247 3105 440 3161; x_wconf 88' lang='lat' dir='ltr'><strong>omnia</strong></span> <span class='ocrx_word' id='word_1_238' title='bbox 500 3104 642 3175; x_wconf 84' lang='lat' dir='ltr'><strong>illa,</strong></span> <span class='ocrx_word' id='word_1_239' title='bbox 709 3104 861 3175; x_wconf 83' lang='lat' dir='ltr'><strong>quae</strong></span> <span class='ocrx_word' id='word_1_240' title='bbox 907 3103 1080 3161; x_wconf 89' lang='lat' dir='ltr'><strong>nobis</strong></span> <span class='ocrx_word' id='word_1_241' title='bbox 1124 3103 1274 3161; x_wconf 73' lang='lat' dir='ltr'><strong>fides</strong></span> <span class='ocrx_word' id='word_1_242' title='bbox 1322 3103 1621 3161; x_wconf 87' lang='lat' dir='ltr'><strong>catholica</strong></span> <span class='ocrx_word' id='word_1_243' title='bbox 1669 3104 1742 3161; x_wconf 90' lang='lat' dir='ltr'><strong>de</strong></span> <span class='ocrx_word' id='word_1_244' title='bbox 1790 3102 2026 3159; x_wconf 85' lang='lat' dir='ltr'><strong>Christo</strong></span> <span class='ocrx_word' id='word_1_245' title='bbox 2076 3103 2324 3160; x_wconf 89' lang='lat' dir='ltr'><strong>credere</strong></span> 
     </span>
     <span class='ocr_line' id='line_1_29' title="bbox 244 3204 2320 3280; baseline 0 -19"><span class='ocrx_word' id='word_1_246' title='bbox 244 3207 574 3280; x_wconf 86' lang='lat' dir='ltr'><strong>praecipit,</strong></span> <span class='ocrx_word' id='word_1_247' title='bbox 637 3207 690 3263; x_wconf 89' lang='lat' dir='ltr'><strong>si</strong></span> <span class='ocrx_word' id='word_1_248' title='bbox 735 3205 964 3265; x_wconf 85' lang='lat' dir='ltr'><strong>salvari</strong></span> <span class='ocrx_word' id='word_1_249' title='bbox 1008 3206 1315 3277; x_wconf 76' lang='lat' dir='ltr'><strong>volumuS,</strong></span> <span class='ocrx_word' id='word_1_250' title='bbox 1365 3212 1427 3263; x_wconf 92' lang='lat' dir='ltr'><strong>et</strong></span> <span class='ocrx_word' id='word_1_251' title='bbox 1472 3206 1761 3279; x_wconf 91' lang='lat' dir='ltr'><strong>quomodo</strong></span> <span class='ocrx_word' id='word_1_252' title='bbox 1808 3205 2057 3264; x_wconf 90' lang='lat' dir='ltr'><strong>valeant</strong></span> <span class='ocrx_word' id='word_1_253' title='bbox 2102 3204 2179 3263; x_wconf 88' lang='lat' dir='ltr'><strong>ad</strong></span> <span class='ocrx_word' id='word_1_254' title='bbox 2229 3220 2320 3261; x_wconf 89' lang='lat' dir='ltr'><strong>sa-</strong></span> 
     </span>
     <span class='ocr_line' id='line_1_30' title="bbox 246 3304 2322 3381; baseline 0.001 -20"><span class='ocrx_word' id='word_1_255' title='bbox 246 3304 424 3368; x_wconf 90' lang='lat' dir='ltr'><strong>lutem</strong></span> <span class='ocrx_word' id='word_1_256' title='bbox 455 3309 730 3381; x_wconf 79' lang='lat' dir='ltr'><strong>hominiS,</strong></span> <span class='ocrx_word' id='word_1_257' title='bbox 765 3315 828 3366; x_wconf 91' lang='lat' dir='ltr'><strong>et</strong></span> <span class='ocrx_word' id='word_1_258' title='bbox 859 3309 1121 3381; x_wconf 88' lang='lat' dir='ltr'><strong>qualiter</strong></span> <span class='ocrx_word' id='word_1_259' title='bbox 1155 3310 1300 3366; x_wconf 89' lang='lat' dir='ltr'><strong>deus</strong></span> <span class='ocrx_word' id='word_1_260' title='bbox 1330 3309 1747 3368; x_wconf 88' lang='lat' dir='ltr'><strong>misericordia</strong></span> <span class='ocrx_word' id='word_1_261' title='bbox 1778 3309 1977 3367; x_wconf 89' lang='lat' dir='ltr'><strong>salvet</strong></span> <span class='ocrx_word' id='word_1_262' title='bbox 2006 3307 2322 3379; x_wconf 81' lang='lat' dir='ltr'><strong>hominem,</strong></span> 
     </span>
     <span class='ocr_line' id='line_1_31' title="bbox 248 3411 2326 3485; baseline 0 -18"><span class='ocrx_word' id='word_1_263' title='bbox 248 3426 372 3470; x_wconf 90' lang='lat' dir='ltr'><strong>cum</strong></span> <span class='ocrx_word' id='word_1_264' title='bbox 412 3418 726 3485; x_wconf 89' lang='lat' dir='ltr'><strong>peccatum</strong></span> <span class='ocrx_word' id='word_1_265' title='bbox 760 3429 875 3470; x_wconf 89' lang='lat' dir='ltr'><strong>non</strong></span> <span class='ocrx_word' id='word_1_266' title='bbox 912 3412 1182 3470; x_wconf 88' lang='lat' dir='ltr'><strong>dimittat</strong></span> <span class='ocrx_word' id='word_1_267' title='bbox 1211 3412 1322 3485; x_wconf 88' lang='lat' dir='ltr'><strong>illi,</strong></span> <span class='ocrx_word' id='word_1_268' title='bbox 1369 3413 1488 3469; x_wconf 89' lang='lat' dir='ltr'><strong>nisi</strong></span> <span class='ocrx_word' id='word_1_269' title='bbox 1518 3412 1851 3470; x_wconf 90' lang='lat' dir='ltr'><strong>reddideril</strong></span> <span class='ocrx_word' id='word_1_270' title='bbox 1885 3411 2039 3484; x_wconf 89' lang='lat' dir='ltr'><strong>quod</strong></span> <span class='ocrx_word' id='word_1_271' title='bbox 2070 3417 2326 3484; x_wconf 89' lang='lat' dir='ltr'><strong>propter</strong></span> 
     </span>
    </p>
   </div>
   <div class='ocr_carea' id='block_1_5' title="bbox 249 3550 657 3563">
    <p class='ocr_par' dir='ltr' id='par_1_5' title="bbox 249 3550 657 3563">
     <span class='ocr_line' id='line_1_32' title="bbox 249 3550 657 3563; baseline 0 837"><span class='ocrx_word' id='word_1_272' title='bbox 249 3550 657 3563; x_wconf 95' lang='lat' dir='ltr'><strong> </strong></span> 
     </span>
    </p>
   </div>
   <div class='ocr_carea' id='block_1_6' title="bbox 386 3629 1795 3698">
    <p class='ocr_par' dir='ltr' id='par_1_6' title="bbox 386 3629 1795 3698">
     <span class='ocr_line' id='line_1_33' title="bbox 386 3629 1795 3698; baseline -0.002 -14"><span class='ocrx_word' id='word_1_273' title='bbox 386 3631 796 3685; x_wconf 77' lang='lat' dir='ltr'><strong>¹dubietatem</strong></span> <span class='ocrx_word' id='word_1_274' title='bbox 834 3630 897 3697; x_wconf 87' lang='lat' dir='ltr'><strong>E,</strong></span> <span class='ocrx_word' id='word_1_275' title='bbox 935 3630 1038 3683; x_wconf 86' lang='lat' dir='ltr'><strong>cfr.</strong></span> <span class='ocrx_word' id='word_1_276' title='bbox 1074 3631 1125 3698; x_wconf 81' lang='lat'><strong>2,</strong></span> <span class='ocrx_word' id='word_1_277' title='bbox 1163 3630 1244 3684; x_wconf 87' lang='lat'><strong>15.</strong></span> <span class='ocrx_word' id='word_1_278' title='bbox 1284 3660 1350 3667; x_wconf 93' lang='lat'>—</span> <span class='ocrx_word' id='word_1_279' title='bbox 1392 3631 1411 3663; x_wconf 78' lang='lat'>²</span> <span class='ocrx_word' id='word_1_280' title='bbox 1434 3629 1549 3683; x_wconf 85' lang='lat' dir='ltr'><strong>Cfr.</strong></span> <span class='ocrx_word' id='word_1_281' title='bbox 1589 3644 1707 3695; x_wconf 87' lang='lat' dir='ltr'><strong>cap.</strong></span> <span class='ocrx_word' id='word_1_282' title='bbox 1748 3631 1795 3682; x_wconf 89' lang='lat'><strong>1.</strong></span> 
     </span>
    </p>
   </div>
  </div>
 </body>
</html>
