2775 4400
475 275 557 329 34
1331 270 1694 358 ANSELui

470 454 718 512 tionalis
777 460 1032 527 natura,
1097 470 1250 528 quae
1311 455 1374 512 in
1436 469 1682 510 numero
1739 453 2013 526 perfecto
2058 454 2367 526 praescita
2412 458 2539 512 est:

471 557 625 632 quod
673 574 806 616 esse
851 575 967 616 non
1011 563 1232 631 potest.
1280 552 1435 616 Bos.
1483 557 1897 616 Restaurandi
1927 558 2135 630 procul
2168 557 2345 615 dubio
2379 563 2539 616 sunt.

464 653 632 746 Ans.
693 660 956 719 Necesse
1002 668 1097 719 est
1141 678 1322 734 ergo,
1386 677 1491 718 eos
1536 660 1609 717 de
1653 661 1912 718 humana
1958 666 2211 732 natura,
2260 661 2541 732 quoniam

470 781 586 822 non
636 770 729 822 est
775 765 899 822 alia
946 765 1020 823 de
1067 781 1184 838 qua
1227 755 1864 837 possint'restaurari.

639 995 883 1066 XVII.
941 999 1093 1063 Bos.
1157 1003 1276 1061 Cur
1335 1020 1452 1061 non
1508 1008 1616 1060 aut
1657 1003 1809 1075 ipsi,
1872 1007 1980 1060 aut
2025 1001 2131 1061 alii
2177 1003 2385 1075 angeli
2428 1021 2540 1076 pro

467 1107 589 1164 illis
631 1113 888 1178 possunt
928 1108 1214 1165 restitui?
1262 1100 1423 1165 Ans.
1472 1106 1613 1164 Cum
1660 1105 1894 1164 videbis
1940 1111 2185 1163 nostrae
2229 1113 2541 1166 restaura-

466 1211 648 1268 tionis
681 1210 1108 1278 difficultatem‚
1153 1211 1476 1282 intelleges
1510 1225 1710 1266 eorum
1741 1209 2252 1267 reconciliationis
2282 1211 2539 1284 inpossi-

466 1313 780 1370 bilitatem.
846 1313 969 1371 Alii
1016 1318 1212 1371 autem
1263 1313 1467 1385 angeli
1511 1328 1621 1385 pro
1666 1312 1790 1369 illis
1834 1312 2078 1370 restitui
2124 1329 2240 1370 non
2286 1322 2543 1385 possunt

466 1417 635 1489 ideo,
698 1422 766 1474 ut
817 1422 1052 1475 taceam
1100 1417 1387 1490 quomodo
1434 1416 1545 1474 hoc
1588 1431 1935 1488 repugnare
1981 1416 2261 1473 videatur
2304 1419 2539 1490 primae

467 1521 792 1578 creationis
850 1504 1248 1592 perfectioni,
1313 1521 1455 1591 quia
1515 1536 1633 1576 non
1695 1513 1948 1590 debent,
2011 1519 2128 1577 nisi
2186 1520 2344 1577 tales
2406 1538 2539 1580 esse

465 1624 716 1695 possint,
765 1622 974 1695 quales
1005 1622 1094 1680 illi
1127 1623 1407 1694 fuissent,
1450 1624 1501 1680 si
1533 1639 1649 1680 non
1681 1628 2052 1695 peccassent,
2088 1639 2217 1681 cum
2248 1624 2338 1681 illi
2372 1625 2537 1684 nulla

467 1725 598 1783 visa
657 1726 924 1784 vindicta
984 1727 1222 1798 peccati
1284 1732 1811 1799 perseverassent3
1892 1727 2047 1798 quod
2106 1733 2245 1799 post
2299 1728 2536 1786 illorum

466 1827 665 1887 casnm
726 1830 865 1888 aliis
919 1830 1018 1902 qui
1062 1847 1172 1902 pro
1219 1829 1342 1887 illis
1387 1831 1890 1901 restituerentur,
1957 1827 2135 1887 esset'
2159 1831 2531 1903 inpossibile.

463 1933 595 1991 Non
643 1935 800 1992 enim
842 1935 1080 2005 pariter
1121 1933 1463 1991 laudabiles
1509 1939 1668 2005 sunt,
1718 1934 1769 1990 si
1816 1938 1985 1990 stant
2029 1933 2088 1990 in
2136 1935 2423 2006 veritate,
2474 1941 2535 1993 et

465 2039 564 2110 qui
631 2037 854 2095 nullam
924 2038 1091 2096 novit
1156 2038 1395 2109 peccati
1459 2047 1747 2109 poenam,
1825 2043 1887 2094 et
1948 2037 2048 2110 qui
2110 2053 2241 2094 eam
2301 2055 2535 2112 semper

464 2141 686 2213 aspicit
747 2145 1074 2198 aeternam.
1149 2141 1303 2199 Nam
1358 2155 1734 2213 nequaquam
1778 2140 2112 2214 putandum
2161 2147 2287 2213 est,
2350 2143 2535 2202 bonos

463 2244 713 2316 angelos
774 2260 905 2301 esse
970 2244 1346 2302 confirmatos
1410 2261 1553 2302 casu
1605 2244 1931 2314 malorum,
1994 2244 2101 2302 sed
2148 2262 2254 2303 suo
2298 2248 2529 2305 merito.

463 2348 631 2406 Sicut
669 2363 922 2419 namque
966 2347 1016 2404 si
1047 2348 1187 2404 boni
1221 2364 1349 2405 cum
1381 2348 1556 2405 malis
1588 2359 1964 2420 peccassent,
2012 2348 2187 2423 simul
2222 2350 2530 2423 dampnati

463 2457 702 2523 essent,
763 2451 850 2508 ita
897 2450 1105 2508 iniusti
1152 2452 1204 2508 si
1251 2467 1379 2509 cum
1427 2451 1602 2507 iustis
1650 2452 1996 2523 stetissent,
2044 2453 2281 2524 pariter
2328 2454 2528 2512 confir-

459 2556 608 2613 mati
655 2560 874 2613 essent.
925 2554 1155 2628 Quippe
1202 2555 1255 2612 si
1298 2554 1487 2627 aliqui
1536 2571 1738 2612 eorum
1784 2572 1899 2612 non
1943 2556 2061 2611 nisi
2103 2556 2356 2613 aliorum
2390 2534 2529 2617 casu

462 2659 848 2717 confirmandi
896 2666 1106 2730 erant,
1169 2666 1276 2715 aut
1320 2657 1520 2716 nullus
1566 2674 1825 2730 unquam
1872 2658 2362 2731 confirmaretur,
2428 2670 2531 2719 aut

459 2777 704 2819 necesse
767 2767 902 2817 erat
961 2762 1217 2833 aliquem
1266 2777 1577 2831 casurum,
1627 2760 1725 2832 qui
1781 2760 1859 2819 ad
1905 2761 2056 2818 alios
2101 2763 2529 2821 confirmandos

459 2864 806 2935 puniretur:
889 2880 1040 2935 quae
1096 2870 1353 2936 utraque
1402 2864 1667 2921 absurda
1714 2869 1870 2921 sunt.
1945 2864 2062 2921 Illo
2109 2866 2315 2938 itaque
2358 2868 2528 2924 modo

461 2966 791 3023 confirmati
853 2973 992 3024 sunt
1051 2966 1141 3024 illi
1204 2968 1304 3039 qui
1359 2972 1693 3038 steterunt,
1758 2984 1871 3040 quo
1916 2968 2153 3040 pariter
2200 2968 2530 3028 confirmati

459 3075 661 3126 essent
727 3087 926 3127 omnes
996 3071 1047 3127 si
1109 3070 1453 3141 stetissent3
1534 3071 2022 3143 quemadmodum
2084 3072 2320 3128 ostendi
2376 3073 2529 3129 sicut

454 3174 661 3245 potui,
718 3174 820 3230 ubi
865 3174 1165 3245 tractavi,
1216 3190 1320 3231 cur
1367 3174 1514 3231 deus
1561 3173 1801 3231 diabolo
1848 3176 2367 3246 perseverantiam
2414 3192 2529 3233 non

458 3277 626 3335 dedit
651 3272 688 3333 ¹.
765 3271 921 3335 Boe.
998 3276 1283 3335 Probasti
1344 3277 1532 3334 malos
1589 3277 1840 3349 angelos
1887 3277 1959 3334 de
2005 3277 2265 3335 humana
2309 3284 2529 3337 natura

454 3380 922 3451 restaurandos3
974 3388 1035 3437 et
1080 3385 1254 3453 patet
1299 3397 1373 3437 ex
1418 3380 1531 3438 hac
1576 3381 1833 3451 ratione,
1882 3381 2022 3452 quia
2068 3397 2185 3438 non
2225 3381 2286 3437 in
2316 3382 2530 3440 min'ori

603 3664 750 3718 ¹Cfr.
789 3665 1014 3733 Dialog.
1054 3667 1126 3719 cle
1165 3682 1315 3719 casu
1355 3667 1591 3719 diaboli
1630 3682 1677 3719 c.
1714 3667 1763 3719 2.
1800 3667 1849 3720 3.
1888 3666 1971 3718 24.
