2775 4400
449 271 530 324 84
1299 229 1663 320 AnsELm

446 448 748 508 mundicia
793 465 905 520 per
951 464 1126 519 quam
1171 447 1425 504 mundus
1472 455 1585 517 est,
1630 464 1748 503 non
1795 447 1931 504 fuit·
1958 448 2075 504 nisi
2104 449 2183 506 ab
2216 449 2338 520 illo,
2385 451 2545 522 ipse
2596 444 2609 452 ’

450 569 679 626 quoque
724 569 836 624 per
882 568 946 608 se
989 552 1184 623 ipsum
1231 557 1294 606 et
1335 567 1373 606 a
1420 567 1484 606 se
1530 550 1785 607 mundus
1826 551 1964 607 fuit.
2013 545 2166 611 Bos.
2214 552 2381 610 Bene
2436 561 2550 611 est

449 659 525 715 de
583 657 712 714 hoc.
790 655 1014 713 Verum
1073 649 1310 712 adhuc¹
1373 654 1542 711 aliud
1600 655 1745 711 mihi
1802 655 2045 712 videtur
2093 656 2545 727 quaerendum.

449 761 724 818 Diximus
771 761 926 817 enim
973 754 1204 831 supra²
1249 758 1391 830 quia
1436 775 1553 815 non
1598 760 1963 816 necessitate
2008 761 2335 818 moriturus
2368 769 2546 832 erat,

451 871 514 922 et
556 880 714 922 nunc
757 863 1028 921 videmus
1073 863 1212 933 quia
1257 867 1453 918 mater
1498 862 1627 918 eius
1670 879 1781 934 per
1813 863 1942 919 eius
1972 871 2223 921 mortem
2253 863 2547 922 futuram

451 968 671 1025 munda
729 967 882 1036 fuit,
947 965 1104 1038 quod
1147 965 1265 1022 nisi
1309 965 1419 1022 illa
1464 964 1716 1037 fuisset,
1776 967 1907 1038 ipse
1955 966 2029 1024 de
2073 967 2183 1037 illa
2229 984 2362 1024 esse
2408 985 2548 1026 non

451 1072 768 1144 potuisset.
837 1069 1135 1140 Quomodo
1183 1085 1327 1140 ergo
1371 1085 1489 1125 non
1536 1070 1902 1126 necessitate
1945 1077 2215 1127 mortuus
2263 1077 2376 1142 est,
2430 1073 2550 1144 qui

452 1193 570 1233 non
629 1174 750 1232 nisi
805 1175 945 1246 quia
998 1174 1324 1230 moriturus
1372 1179 1509 1230 erat
1549 1174 1751 1245 potuit
1796 1175 1977 1230 esse?
2054 1175 2207 1232 Nam
2254 1176 2305 1231 si
2352 1163 2547 1233 mori-

452 1285 628 1336 turus
673 1295 789 1335 non
838 1283 1025 1346 esset,
1073 1277 1249 1348 virgo
1298 1276 1372 1333 de
1419 1293 1535 1347 qua
1580 1284 1927 1348 assumptus
1973 1283 2097 1348 est,
2142 1279 2365 1335 munda
2413 1297 2546 1336 non

451 1382 706 1452 fuisset,
769 1382 1047 1453 quoniam
1103 1381 1215 1437 hoc
1275 1395 1649 1452 nequaquam
1713 1379 1909 1437 valuit
1970 1397 2103 1438 esse
2158 1382 2279 1438 nisi
2320 1399 2549 1440 veram

456 1487 584 1542 eius
628 1492 877 1542 mortem
923 1483 1238 1553 credendo,
1285 1499 1398 1540 nec
1440 1483 1545 1539 ille
1594 1483 1667 1539 de
1700 1482 1808 1539 illa.
1838 1484 2041 1555 potuit
2070 1484 2252 1541 aliter
2283 1487 2544 1542 assumi.

455 1588 654 1660 Quare
723 1589 776 1645 si
834 1604 952 1644 non
1013 1593 1282 1644 mortuus
1344 1594 1439 1642 est
1497 1603 1571 1642 ex
1629 1587 1996 1643 necessitate
2054 1593 2375 1660 postquam
2442 1606 2546 1647 as-

458 1697 727 1764 sumptus
775 1697 868 1747 est
912 1691 987 1748 de
1033 1690 1290 1761 virgine,
1338 1691 1538 1761 potuit
1582 1705 1700 1746 non
1747 1705 1879 1746 esse
1927 1690 2000 1746 de
2032 1692 2273 1762 virgine
2305 1708 2545 1750 assum-

456 1801 598 1868 ptus
670 1801 989 1868 postquam
1065 1799 1158 1850 est
1217 1800 1593 1865 assumptus:
1675 1793 1829 1864 quod
1888 1809 2009 1851 non
2069 1803 2163 1850 est
2220 1797 2545 1866 possibile.

458 1893 619 1958 Αἰιε.
683 1899 745 1957 Si
789 1899 942 1956 bene
990 1913 1143 1969 quae
1189 1913 1374 1968 supra
1426 1896 1588 1954 dicta
1635 1903 1775 1953 sunt
1819 1898 2285 1969 considerasses,
2333 1894 2547 1958 hanc³

460 2004 869 2074 quaestionem
913 2001 975 2058 in
1021 2001 1180 2071 illis,
1228 2009 1297 2056 ut
1338 2008 1524 2071 puto,
1584 1999 1841 2057 solutam
1887 2001 2309 2058 intellexisses,
2376 1997 2543 2062 Bos.

458 2107 592 2163 Non
651 2106 825 2163 video
875 2105 1181 2176 quomodo.
1258 2097 1421 2162 Ans.
1484 2103 1730 2173 Nonne,
1802 2104 2037 2176 quando
2084 2101 2545 2176 quaesivimus⁴

459 2219 658 2267 utrum
716 2209 821 2266 ille
880 2209 1122 2265 mentiri
1182 2209 1486 2280 potuerit,
1546 2210 2008 2265 monstravimus
2072 2210 2133 2265 in
2192 2210 2547 2267 mentiendo

461 2314 613 2371 duas
659 2328 793 2371 esse
838 2318 1207 2384 potestates,
1270 2327 1452 2368 unam
1496 2312 1781 2369 videlicet
1826 2312 2066 2369 volendi
2111 2314 2388 2384 mentiri,
2454 2315 2545 2372 al-

459 2424 655 2474 teram
707 2414 1066 2485 mentiendi,
1139 2422 1200 2471 et
1244 2416 1558 2487 quoniam,
1623 2432 1751 2471 cum
1798 2415 2128 2473 mentiendi
2170 2422 2547 2487 potestatem

461 2521 748 2591 haberet,
811 2520 923 2576 hoc
967 2536 1004 2576 a
1049 2520 1247 2591 seipso
1291 2519 1505 2576 habuit
1549 2530 1617 2573 ut
1660 2534 1777 2575 non
1821 2525 2029 2589 posset
2071 2518 2229 2576 velle
2274 2522 2543 2591 mentiri,

460 2625 684 2682 idcirco
748 2624 821 2681 de
881 2640 990 2679 sua
1051 2624 1293 2681 iusticia
1339 2638 1457 2695 qua
1503 2622 1825 2680 veritatem
1871 2624 2181 2694 servavit,
2234 2638 2367 2680 eum
2411 2624 2545 2682 lau-

465 2727 727 2784 dandum
768 2730 944 2783 esse?
992 2720 1145 2784 Bos.
1193 2727 1292 2783 Ita
1335 2732 1447 2783 est.
1495 2719 1658 2783 Ans.
1704 2725 1993 2783 Similiter
2026 2728 2207 2783 estin
2241 2728 2545 2785 servando

464 2832 652 2887 vitam
697 2835 969 2901 potestas
1014 2830 1256 2888 volendi
1302 2846 1550 2887 servare
1598 2835 1660 2885 et
1702 2836 1976 2901 potestas
2022 2830 2325 2888 servandi.
2398 2829 2545 2887 Cum

465 2950 612 3005 ergo
675 2934 1023 3005 quaeritur,
1085 2940 1284 2990 utrum
1343 2934 1501 2990 idem
1560 2933 1705 2990 deus
1759 2932 1932 2990 homo
1977 2936 2246 3006 potuerit
2290 2951 2545 2992 servare

465 3040 653 3095 vitam
716 3054 884 3094 suam
944 3042 1013 3093 ut
1073 3053 1372 3113 nunquam
1418 3042 1787 3108 moreretur,
1849 3036 2241 3095 dubitandum
2284 3053 2403 3094 non
2451 3042 2547 3095 est

468 3142 610 3214 quia
670 3156 906 3213 semper
960 3139 1175 3197 habuit
1227 3146 1591 3213 potestatem
1638 3140 1959 3212 servandi,
2025 3142 2293 3211 quamvis
2338 3142 2544 3213 nequi·

467 3246 627 3302 verit
685 3245 843 3303 velle
906 3260 1188 3315 servare,
1256 3249 1324 3301 ut
1368 3260 1669 3314 nunquam
1714 3249 2083 3315 moreretur,
2158 3249 2219 3300 et
2264 3244 2545 3315 quoniam

617 3436 854 3489 ¹Verbis
902 3436 1124 3489 Verum
1174 3436 1374 3489 adhuc
1422 3435 1626 3501 incipit
1664 3436 1722 3487 in
1758 3435 1876 3487 cod.
1916 3435 1967 3487 A
2006 3450 2124 3501 cap.
2162 3434 2331 3488 XVII
2368 3448 2543 3500 eoque

466 3524 746 3576 adductus
785 3527 874 3575 est
911 3522 1211 3588 Gerberon,
1249 3526 1314 3575 ut
1352 3523 1579 3574 initium
1614 3537 1732 3587 cap.
1761 3521 1943 3575 XVII.
1970 3522 2184 3574 verbis:
2214 3522 2356 3575 Bos.
2382 3522 2544 3575 Bene

470 3638 537 3647 -—
574 3609 804 3661 faceret.
844 3640 907 3646 —
950 3608 1104 3662 ²Cfr.
1145 3608 1188 3675 I,
1226 3609 1276 3662 8.
1311 3608 1367 3662 9.
1404 3608 1503 3675 103
1548 3608 1625 3675 ΙΙ,
1664 3608 1745 3661 10.
1785 3608 1867 3662 11.
1907 3638 1971 3644 -
2012 3608 2213 3660 31ιαηο
2255 3606 2544 3674 ΚΜΝΟΡ;

467 3694 570 3747 aL:
610 3710 778 3748 sanc.
819 3726 882 3732 —
923 3696 942 3729 ⁴
966 3694 1142 3761 Supra
1182 3711 1300 3761 cap.
1338 3694 1406 3749 X.
