2775 4400
532 277 561 330 1
573 276 609 330 4
1376 266 1741 326 ANSELMI

527 431 706 528 gravi
768 455 978 513 labore
1047 451 1177 508 sine
1246 451 1485 508 ratione
1548 449 1817 522 faceret,
1892 465 2011 508 non
2073 449 2280 521 utique
2352 450 2657 523 sapiens

527 559 603 617 ab
672 557 794 616 ullo
861 555 1257 615 iudicaretur.
1333 554 1566 642 Quippe
1630 553 1784 626 quod
1847 553 2083 623 dicitis,
2154 552 2327 610 deum
2388 553 2659 612 taliter

529 661 862 720 ostendisse
910 668 1196 733 quantum
1242 675 1348 717 vos
1397 658 1700 731 diligeret,
1746 656 1913 715 nulla
1955 656 2195 714 ratione
2228 655 2651 729 defenditur,

527 765 580 822 si
622 763 968 822 nullatenus
1014 762 1194 820 aliter
1238 760 1531 819 hominem
1574 760 1845 833 potuisse
1886 759 2127 818 salvare
2157 775 2276 818 non
2306 766 2648 819 monstra-

526 875 645 926 tur.
720 867 875 925 Nam
935 867 988 924 si
1047 850 1230 924 aliter
1288 881 1409 923 non
1461 864 1793 936 potuisset,
1856 869 2000 922 tunc
2044 863 2307 921 forsitan
2350 880 2647 922 necesse

528 977 708 1043 esset,
753 975 823 1028 ut
851 969 961 1028 hoc
991 969 1163 1027 modo
1197 967 1578 1026 dilectionem
1612 983 1782 1026 suam
1814 967 2195 1038 ostenderet3
2245 984 2403 1026 nunc
2436 984 2637 1039 ver0,
2719 949 2720 952 ¹

529 1091 656 1133 cum
689 1074 871 1131 aliter
902 1073 1095 1145 possit
1126 1072 1369 1155 salvare
1401 1071 1713 1143 hominem,
1749 1087 1903 1142 quae
1926 1071 2085 1129 ratio
2112 1076 2223 1142 est,
2258 1076 2326 1129 ut
2347 1061 2639 1144 propter

529 1177 958 1255 ostendendam
1018 1177 1397 1235 dilectionem
1460 1192 1628 1233 suam
1690 1191 1763 1234 ea
1824 1191 1977 1247 quae
2041 1174 2245 1233 dicitis
2299 1175 2503 1233 faciat
2556 1184 2637 1234 et

527 1283 869 1339 sustineat?
943 1278 1040 1338 An
1086 1280 1242 1338 enim
1286 1296 1403 1338 non
1451 1279 1714 1338 ostendit
1758 1279 1931 1337 bonis
1979 1279 2252 1351 angeliS,
2313 1283 2633 1351 quantum

529 1401 631 1442 eos
664 1384 904 1457 diligat,
947 1401 1057 1459 pro
1091 1384 1303 1456 quibus
1333 1383 1487 1441 talia
1519 1399 1637 1440 non
1668 1382 1971 1441 sustinet?
2019 1381 2186 1454 Quod
2218 1389 2363 1441 vero
2397 1381 2629 1440 dicitis

530 1504 659 1546 eum
720 1488 958 1547 venisse
1017 1503 1128 1560 pro
1188 1487 1360 1545 vobis
1426 1501 1778 1559 expugnare
1839 1485 2176 1557 diabolum,
2243 1502 2357 1556 quo
2418 1501 2625 1544 sensu
2719 1555 2720 1558 Ἴ

409 1589 416 1594 ‘
528 1590 766 1652 audetis
810 1590 1133 1664 proferre?
1186 1577 1414 1648 Nonne'
1445 1589 1543 1647 dei
1590 1590 2020 1662 omnipotentia
2065 1594 2289 1662 regnat
2332 1588 2621 1660 ubique?
2719 1577 2720 1610 ³

529 1693 828 1764 Quomodo
874 1709 1021 1766 ergo
1065 1693 1385 1766 indigebat
1432 1693 1600 1765 deuS,
1656 1697 1725 1750 ut
1768 1692 1848 1750 ad
1894 1691 2623 1764 vincendumdiabolum

531 1798 604 1855 de
660 1789 829 1855 caelo
884 1797 1322 1855 descenderet?
1392 1796 1562 1854 Haec
1606 1797 1777 1854 nobis
1821 1795 2094 1854 infideles
2142 1795 2377 1854 obicere
2422 1811 2619 1868 posse
2719 1793 2720 1864 ζ

527 1901 830 1960 videntur.

701 2099 866 2169 VII.
915 2106 1033 2165 Sed
1081 2112 1142 2164 et
1170 2101 1362 2164 illud¹
1396 2105 1553 2178 quod
1588 2105 1787 2163 dicere
1822 2105 2099 2176 solemus,
2148 2104 2319 2163 deum
2362 2105 2611 2164 scilicet

531 2211 810 2269 debuisse
869 2212 1039 2284 prius
1098 2226 1208 2282 per
1267 2210 1567 2281 iusticiam
1630 2214 1839 2268 contra
1897 2209 2202 2268 diabolum
2256 2226 2473 2283 agere,
2534 2217 2613 2269 ut,

528 2314 824 2372 liberaret
865 2313 1178 2384 hominem,
1229 2330 1406 2385 quam
1433 2329 1543 2385 per
1573 2312 2011 2385 fortitudinem,
2060 2318 2127 2371 ut
2162 2330 2290 2372 cum
2323 2313 2607 2371 diabolus
2719 2342 2720 2363 ÷

531 2434 682 2489 eum,
729 2418 789 2474 in
837 2433 951 2489 quo
996 2415 1163 2474 nulla
1207 2416 1419 2474 mortis
1466 2422 1602 2474 erat
1649 2433 1831 2475 causa
1880 2422 1942 2474 et
1982 2417 2084 2489 qui
2126 2417 2273 2475 deus
2305 2423 2456 2489 erat,
2506 2434 2603 2476 oc-

531 2520 792 2592 cideret,
852 2521 1010 2578 iuste
1053 2525 1418 2593 potestatem
1466 2536 1643 2593 quam
1691 2536 1872 2593 super
1915 2526 2270 2593 peccatores
2315 2520 2600 2592 habebat,

473 2684 488 2694 „
530 2626 858 2696 amitteret,
907 2625 1172 2696 alioquin
1203 2624 1489 2683 iniustam
1522 2624 1870 2683 violentiam
1900 2624 2150 2683 fecisset
2178 2624 2288 2696 illi,
2324 2623 2599 2697 quoniam

472 2792 478 2796 ,
527 2728 685 2785 iuste
729 2728 1082 2800 possidebat
1124 2728 1437 2800 hominem,
1486 2744 1661 2801 quem
1703 2745 1819 2786 non
1865 2729 1995 2801 ipse
2041 2728 2338 2787 violenter
2369 2732 2596 2787 attrax-

531 2835 702 2901 erat,
752 2830 858 2888 sed
899 2830 1060 2888 idem
1104 2830 1275 2889 homo
1323 2832 1403 2889 ad
1448 2832 1616 2889 illum
1663 2848 1727 2889 se
1775 2836 1987 2904 sponte
2035 2832 2405 2902 contulerat:
2480 2848 2598 2891 non

529 2933 738 3005 vide0,
801 2950 976 3006 quam
1035 2934 1156 3019 vim
1214 2934 1460 2992 habeat.
1538 2934 1809 3007 Namque
1856 2935 1907 2992 si
1955 2934 2231 2993 diabolus
2278 2940 2385 2993 aut
2428 2935 2597 2993 homo

532 3053 674 3094 suus
722 3042 882 3095 esset
928 3043 1036 3095 aut
1080 3038 1334 3095 alterius
1382 3054 1560 3111 quam
1606 3038 1723 3111 dei,
1768 3043 1877 3097 aut
1920 3038 1982 3095 in
2014 3028 2154 3097 ⁴alia
2203 3056 2378 3112 quam
2408 3039 2468 3096 in
2498 3038 2599 3098 dei

529 3146 835 3216 potestate
873 3146 1166 3213 maneret,
1213 3141 1476 3201 forsitan
1513 3142 1625 3201 hoc
1654 3147 1820 3200 recte
1854 3142 2191 3214 diceretur3
2242 3160 2371 3201 cum
2400 3147 2595 3203 autem

532 3245 806 3304 diabolus
852 3250 960 3303 aut
1003 3244 1174 3304 homo
1218 3261 1337 3304 non
1385 3246 1465 3303 sit
1509 3246 1627 3304 nisi
1674 3246 1802 3318 dei,
1851 3251 1913 3305 et
1956 3252 2173 3305 neuter
2219 3253 2391 3305 extra
2434 3252 2592 3318 pote·

530 3354 749 3407 statem
796 3348 893 3407 dei
939 3349 1261 3406 consistat:
1318 3366 1495 3422 quam
1543 3366 1786 3409 causam
1832 3350 2041 3408 debuit
2072 3366 2259 3423 agere
2293 3349 2437 3406 deus
2468 3366 2593 3409 cum

530 3468 656 3523 su0,
707 3453 780 3509 de
827 3468 952 3525 suo,
998 3452 1062 3511 in
1110 3468 1236 3525 sue,
1285 3453 1403 3512 nisi
1448 3459 1516 3511 ut
1561 3470 1797 3512 servum
1840 3470 2008 3512 suum
2049 3454 2313 3526 puniret,
2362 3452 2459 3521 qui
2489 3468 2592 3511 suo

701 3686 900 3740 ¹aliud
936 3686 1043 3739 ΚΝ
1046 3686 1108 3741 Ρ.
1146 3718 1209 3725 —
