2775 4400
508 259 586 314 28
1390 254 1753 314 ANSELMI

507 439 794 512 sequitur.
871 431 1031 498 Ans.
1107 438 1220 496 Est
1275 446 1336 496 et
1380 439 1547 498 aliud
1593 438 1749 513 quod
1796 440 2101 511 sequitur,
2164 440 2216 497 si
2261 446 2583 513 peccatum

507 543 594 601 sic
650 542 986 616 inpunitum
1047 542 1404 614 dimittitur,
1467 543 1607 615 quia
1669 543 1946 600 similiter
2006 544 2127 600 erit
2184 543 2347 616 apud
2402 543 2589 602 deum

505 645 782 718 peccanti
813 655 874 704 et
903 662 1019 704 non
1050 646 1360 719 peccanti3
1412 645 1566 719 quod
1601 645 1710 704 deo
1742 663 1859 703 non
1892 646 2187 704 convenit.
2240 642 2393 707 Boe.
2440 647 2585 706 Non

505 765 742 822 possum
803 765 1048 822 negare.
1126 743 1286 808 Ans.
1363 749 1522 807 Vide
1585 756 1646 807 et
1703 749 1833 808 hoc.
1912 750 2223 808 Iusticiam
2276 750 2589 809 hominum

506 867 675 912 nemo
725 854 918 912 nescit
963 869 1095 910 esse
1142 854 1250 911 snb
1297 853 1470 925 lege,
1517 859 1586 910 ut
1630 853 1951 911 secundum
1998 854 2127 911 eius
2172 855 2588 926 quantitatem

505 972 784 1016 mensura
827 957 1246 1015 retributionis
1292 974 1328 1016 a
1377 957 1488 1014 deo
1532 962 2040 1029 recompensetur.
2103 952 2255 1017 Boc.
2302 957 2405 1016 Ita
2455 976 2585 1017 cre·

508 1059 716 1118 dimus.
774 1053 934 1119 Ans.
982 1059 1045 1119 Si
1091 1065 1288 1119 autem
1336 1066 1651 1133 peccatum
1694 1075 1807 1118 nec
1851 1059 2109 1118 solvitur
2152 1077 2263 1119 nec
2306 1062 2587 1134 punitur,

451 1163 652 1246 ‘nulli
711 1163 838 1236 legi
898 1164 1188 1222 subiacet.
1267 1157 1421 1223 Boe.
1496 1163 1631 1222 Non
1684 1179 1925 1236 possum
1970 1164 2151 1221 aliter
2193 1164 2585 1238 intellegere.

505 1259 665 1326 Ano.
741 1266 1019 1325 Liberior
1077 1268 1266 1340 igitur
1327 1274 1422 1324 est
1480 1268 1822 1338 iniusticia,
1887 1267 1939 1324 si
1986 1267 2114 1325 sola
2159 1268 2589 1327 misericordia

507 1369 847 1442 dimittitur,
896 1387 1071 1444 quam
1117 1371 1392 1442 iusticia3
1442 1370 1597 1443 quod
1645 1369 1823 1429 valde
1855 1371 2279 1429 inconveniens
2310 1372 2583 1430 videtur.

505 1473 600 1532 Ad
647 1473 757 1532 hoc
788 1473 969 1532 etiam
1003 1473 1349 1532 extenditur
1379 1474 1531 1532 haec
1560 1475 2065 1544 inconvenientia,
2114 1481 2182 1531 ut
2209 1474 2585 1534 iniusticiam

507 1575 617 1634 deo
664 1576 913 1635 similem
958 1577 1181 1648 faciat,
1231 1578 1372 1649 quia
1419 1577 1575 1635 sicut
1621 1577 1768 1636 deus
1813 1574 2079 1635 nullius¹
2125 1578 2248 1651 legi
2280 1579 2585 1650 subiacet,

504 1681 593 1738 ita
641 1686 702 1738 et
748 1679 1072 1739 iniusticia.
1137 1674 1288 1740 Bos.
1351 1680 1596 1753 Nequeo
1642 1682 1929 1739 resistere
1974 1682 2197 1740 rationi
2243 1688 2421 1752 tuae3
2473 1684 2587 1740 sed

506 1799 634 1842 cum
682 1784 828 1843 deus
872 1784 1042 1843 nobis
1087 1785 1429 1858 praecipiat
1473 1785 1709 1841 omnino
1757 1784 2060 1842 dimittere
2091 1786 2485 1856 peccantibus
2515 1787 2586 1843 in

505 1904 631 1960 nos,
679 1887 923 1947 videtur
964 1904 1332 1961 repugnare,
1378 1895 1449 1944 ut
1478 1888 1589 1945 hoc
1620 1889 1790 1945 nobis
1820 1889 2165 1960 praecipiat
2194 1887 2350 1960 quod
2383 1889 2587 1961 ipsum

505 1993 709 2050 facere
755 2008 869 2049 non
919 1991 1110 2049 decet.
1161 1984 1321 2051 Am.
1369 1991 1555 2049 Nulla
1596 1991 1656 2048 in
1696 1991 1806 2049 hoc
1837 1997 1933 2048 est
1959 1993 2389 2064 repugnantia,
2438 1994 2587 2065 quia

506 2095 651 2153 deus
695 2095 806 2153 hoc
850 2095 1022 2152 nobis
1068 2095 1392 2167 praecipit,
1442 2101 1509 2152 ut
1553 2112 1669 2152 non
1715 2111 2168 2167 praesumamus
2200 2095 2357 2167 quod
2391 2096 2589 2154 solius

507 2199 602 2257 dei
660 2206 768 2256 est.
847 2199 942 2257 Ad
997 2199 1222 2257 nullum
1270 2200 1424 2257 enim
1469 2200 1737 2272 pertinet
1782 2199 2109 2258 vindictam
2154 2200 2397 2271 facere,
2461 2202 2587 2259 nisi

505 2302 583 2361 ad
627 2302 812 2372 illum,
862 2302 962 2374 qui
1011 2302 1280 2360 dominus
1327 2309 1423 2359 est
1467 2303 1755 2372 omnium3
1804 2319 1942 2359 nam
1990 2318 2119 2361 cum
2163 2309 2445 2361 terrenae
2476 2321 2585 2377 po-

503 2413 761 2464 testates
827 2405 937 2464 hoc
996 2414 1162 2465 recte
1223 2406 1494 2476 faciunt,
1568 2407 1696 2478 ipse
1757 2401 1984 2476 facit²,
2056 2423 2092 2464 a
2153 2422 2265 2479 quo
2328 2407 2405 2464 ad
2469 2408 2589 2466 hoc

502 2510 695 2583 ipsum
743 2516 881 2567 sunt
913 2509 1246 2567 ordinatae.
1296 2504 1449 2569 Bos.
1499 2509 1829 2567 Removisti
1862 2510 2349 2582 repugnantiam,
2402 2528 2585 2583 quam

501 2615 790 2686 putabam
835 2614 1064 2684 inesse3
1114 2613 1218 2671 sed
1267 2620 1359 2671 est
1405 2612 1590 2684 aliud,
1640 2613 1717 2670 ad
1765 2613 1923 2685 quod
1969 2593 2154 2671 tuum!
2181 2613 2317 2671 volo
2350 2614 2584 2673 habere

502 2732 870 2790 responsum.
945 2716 1099 2775 Nam
1162 2734 1287 2774 cum
1351 2716 1499 2774 deus
1558 2718 1646 2775 sic
1706 2717 1786 2773 sit
1843 2716 2033 2788 liber,
2097 2722 2165 2773 ut
2223 2716 2373 2774 nulli
2429 2716 2585 2789 legi,

504 2816 726 2875 millius
771 2820 1085 2877 subiaceat
1131 2820 1372 2890 iudici0,
1438 2826 1499 2877 et
1545 2820 1633 2877 ita
1680 2821 1761 2877 sit
1804 2820 2120 2891 benignuS,
2171 2826 2237 2878 ut
2281 2819 2432 2877 nihil
2478 2821 2585 2877 be-

505 2923 745 2995 nignius
792 2924 1049 2996 cogitari
1098 2929 1298 2995 queat,
1348 2931 1410 2981 et
1454 2923 1603 2981 nihil
1650 2924 1730 2981 sit
1773 2930 2002 2982 rectum
2047 2931 2154 2981 aut
2197 2924 2414 2982 decens
2460 2925 2586 2982 nisi

505 3026 662 3099 quod
706 3028 836 3099 ipse
883 3026 1044 3085 vult:
1085 3022 1306 3084 'mirum
1354 3027 1616 3099 videtur,
1666 3027 1717 3084 si
1765 3028 2014 3085 dicimus
2058 3028 2197 3100 quia
2230 3026 2587 3086 nullatenus

506 3131 634 3189 vult
680 3136 784 3188 aut
828 3147 942 3188 non
992 3131 1046 3187 ei
1093 3130 1236 3188 licet
1281 3147 1449 3188 suam
1491 3130 1772 3188 iniuriam
1807 3130 2129 3197 dimittere,
2178 3148 2213 3189 a
2245 3148 2361 3204 quo
2395 3131 2583 3189 etiam

505 3234 578 3291 de
637 3235 730 3291 his
792 3250 942 3307 quas
1002 3234 1141 3292 aliis
1200 3234 1490 3304 facimus,
1555 3235 1809 3291 solemus
1855 3234 2297 3306 indulgentiam
2342 3240 2579 3307 petere.

503 3331 662 3397 Ans.
713 3338 933 3396 Verum
997 3344 1123 3399 est.
1188 3338 1342 3410 quod
1401 3338 1549 3396 dicis
1597 3339 1669 3395 de
1715 3338 2002 3395 libertate
2050 3345 2111 3395 et
2157 3338 2471 3396 voluntate
2522 3348 2585 3396 et

651 3571 737 3623 ¹K
774 3588 806 3624 a
843 3588 925 3639 pr.
964 3588 1061 3640 m.‚
1107 3571 1236 3625 NO:
1299 3574 1473 3626 nulli.
1512 3602 1578 3612 -
1619 3572 1759 3625 ²al.:
1819 3572 1981 3641 facit
2022 3573 2207 3638 deus;
2270 3572 2421 3626 deus
2473 3587 2581 3626 om.

503 3656 818 3710 EKLNOP.
2054 3674 2064 3683 ·
