2775 4400
699 868 1833 999 ANSELMI

877 1150 1148 1226 LIBER
1200 1150 1654 1226 SECUNDUS

771 1384 1002 1460 OUR
1055 1384 1352 1492 DEUS
1406 1383 1771 1459 HOMO.

385 1857 448 1929 I.
536 1859 905 1926 Anselmus.
981 1867 1366 1925 Rationalem
1440 1873 1723 1927 naturam
1796 1883 1834 1924 a
1901 1856 2012 1924 deo
2079 1865 2309 1924 factam

201 1981 342 2024 esse
375 1970 635 2042 iustam,
681 1975 750 2028 ut
776 1970 882 2028 illo
914 1969 1171 2028 fruendo
1203 1971 1385 2028 beata
1418 1975 1597 2042 esset,
1646 1969 1913 2028 dubitari
1944 1985 2061 2026 non
2093 1968 2295 2026 debet.

211 2067 356 2129 Ideo
420 2090 690 2146 namque
747 2073 1070 2132 rationalis
1118 2078 1243 2144 est,
1305 2079 1375 2131 ut
1421 2074 1729 2132 discernat
1774 2073 1935 2130 inter
1978 2073 2201 2130 iustum
2248 2077 2311 2130 et

207 2172 530 2251 iniustum,
585 2182 646 2235 et
689 2177 853 2236 inter
897 2178 1114 2236 bonum
1156 2182 1218 2235 et
1248 2178 1490 2248 malum,
1540 2183 1603 2235 et
1631 2177 1795 2235 inter
1824 2170 2062 2250 magis¹
2094 2177 2309 2235 bonum

210 2280 279 2333 -et
332 2281 542 2340 minus
604 2282 855 2352 bonum3
927 2281 1193 2354 alioquin
1254 2281 1492 2339 frustra
1546 2282 1715 2340 facta
1764 2286 1926 2339 esset
1968 2281 2308 2339 rationalia

209 2377 335 2439 -Sed
381 2384 540 2443 deus
588 2382 704 2442 non
749 2385 899 2443 fecit
946 2374 1084 2442 eam'
1121 2385 1799 2460 rationalemfrustra3
1852 2400 2039 2455 quare
2084 2384 2163 2441 ad
2200 2383 2313 2441 hoc

215 2498 350 2546 eam
397 2488 638 2547 factam
685 2504 818 2546 esse
861 2488 1222 2546 rationalem
1265 2489 1508 2547 dubium
1541 2506 1658 2546 non
1690 2492 1801 2545 est.
1852 2485 2045 2544 Simili
2074 2487 2312 2544 ratione

226 2591 528 2657 probatur
551 2636 565 2664 ,
630 2592 772 2664 quia
835 2592 915 2649 ad
973 2591 1085 2649 hoc
1128 2592 1366 2664 accepit
1411 2597 1775 2665 potestatem
1822 2589 2204 2647 discernendi
2248 2595 2316 2647 ut

215 2690 453 2753 odisset
483 2718 485 2720 ·
519 2701 581 2752 et
647 2696 877 2753 vitaret
937 2695 1157 2753 malum
1221 2711 1293 2753 ac
1352 2702 1588 2753 amaret
1650 2700 1710 2752 et
1772 2694 2031 2766 eligeret
2073 2694 2311 2765 bonum,

215 2800 403 2868 atque
491 2798 698 2856 maius
768 2798 986 2856 bonum
1061 2799 1256 2871 magis
1327 2804 1562 2856 amaret
1628 2803 1690 2855 et
1759 2798 2038 2870 eligeret.
2115 2796 2316 2855 Aliter

230 2912 486 2975 namque
545 2901 782 2960 frustra
840 2900 932 2958 illi
994 2902 1142 2960 deus
1205 2902 1475 2960 dedisset
1532 2907 1897 2975 potestatem
1959 2903 2140 2959 istam
2201 2901 2314 2958 dis-

219 3005 548 3078 cernendi,
600 3004 740 3077 quia
786 3005 847 3061 in
893 3022 1113 3064 vanum
1162 3006 1570 3078 discerneret,
1619 3007 1670 3063 si
1718 3005 2042 3064 secundum
2091 3005 2308 3062 discre-

221 3104 446 3167 tionem
495 3124 611 3165 non
659 3114 894 3165 amaret
939 3113 1001 3165 et
1045 3110 1290 3167 vitaret.
1369 3108 1489 3167 Sed
1533 3125 1650 3166 non
1699 3108 1995 3179 convenit,
2044 3117 2113 3165 ut
2160 3108 2305 3163 deus

229 3212 458 3270 tantam
514 3216 880 3284 potestatem
926 3210 1159 3269 frustra
1208 3211 1463 3269 dederit.
1534 3211 1629 3269 Ad
1675 3212 1786 3270 hoo
1830 3212 2035 3283 itaque
2079 3210 2309 3268 factam

233 3326 360 3373 esse
421 3314 784 3372 rationalem
847 3321 1128 3373 naturam
1186 3322 1415 3373 certum
1462 3294 1591 3387 est,
1652 3320 1723 3373 ut
1767 3331 2053 3372 summum
2099 3313 2316 3369 bonum

237 3429 412 3491 super
479 3418 677 3475 omnia
738 3423 973 3476 amaret
1020 3424 1081 3476 et
1127 3419 1421 3491 eligeret,
1465 3417 1602 3476 'non
1648 3424 1901 3492 propter
1947 3417 2149 3489 aliud,
2212 3415 2321 3473 sed

375 3662 388 3695 ¹
415 3658 516 3713 aL:
559 3661 784 3727 majus,
