2775 4400
490 424 558 478 13

490 517 558 570 14

491 706 575 760 15.

491 895 574 948 16.

491 1274 575 1328 17.

491 1463 576 1517 18.

492 1650 559 1703 19

491 1744 561 1797 20

1281 244 1713 306 CAPITULA.

631 422 791 489 Quod
817 437 940 476 cum
965 421 1096 475 aliis
1124 419 1551 475 infirmitatibus
1576 421 1788 475 nostris
1814 421 2197 490 ignorantiam
2214 434 2325 474 non
2341 421 2598 476 habeat.

631 515 917 582 Quomodo
954 530 1104 570 mors
1144 517 1265 569 eius
1302 515 1633 582 praevaleat
1666 529 1894 568 numero
1933 518 1991 568 et
2027 515 2409 584 magnitudini
2445 532 2597 584 pec-

628 614 883 664 catorum
919 610 1180 664 omnium.

631 703 916 770 Quomodo
964 719 1114 758 mors
1163 703 1358 757 deleat-
1398 703 1589 757 eadem
1641 704 1813 757 etiam
1859 697 2095 773 peccata
2131 718 2254 757 eum
2292 704 2590 770 perimen-

627 800 788 852 tium.

631 893 889 960 Qualiter
927 894 1062 948 deus
1101 893 1168 947 de
1205 908 1391 947 massa
1426 893 1742 961 peccatrice
1780 893 2091 960 assumpsit
2125 892 2402 946 hominem
2445 894 2584 946 sine

627 992 890 1056 peccate,
927 991 985 1041 et
1023 986 1091 1040 de
1127 987 1443 1041 salvatione
1482 987 1639 1041 Adae
1677 992 1736 1042 et
1775 987 1944 1041 Evae.
2005 986 2291 1053 Quomodo
2328 1001 2440 1042 non
2478 1003 2583 1041 ne-

627 1084 897 1136 cessitate
945 1086 1202 1137 mortuus
1252 1087 1368 1150 est,
1426 1084 1522 1149 qui
1566 1097 1677 1136 non
1726 1084 1918 1150 potuit
1963 1096 2085 1136 esse
2122 1082 2234 1137 nisi
2272 1084 2403 1149 quia
2441 1087 2583 1136 erat

629 1177 939 1230 moriturus
964 1177 997 1229 ¹.

631 1271 791 1338 Quod
828 1273 888 1325 in
915 1271 1024 1325 deo
1062 1285 1173 1325 non
1209 1271 1288 1324 sit
1320 1273 1630 1327 necessitas
1656 1271 1749 1326 vel
1774 1270 2205 1339 inpossibilitas,
2242 1275 2303 1325 et
2328 1271 2463 1336 quid
2492 1271 2580 1325 sit

627 1367 937 1420 necessitas
977 1379 1183 1435 cogens
1223 1369 1282 1420 et
1318 1368 1629 1421 necessitas
1666 1381 1777 1420 non
1813 1381 2035 1436 cogens.

630 1461 915 1527 Quomodo
963 1463 1086 1516 vita
1124 1461 1339 1516 Christi
1386 1461 1644 1515 solvatur
1690 1462 1794 1516 deo
1834 1475 1939 1529 pro
1977 1461 2225 1529 peccatis
2263 1459 2573 1527 hominum,

629 1559 686 1609 et
725 1557 996 1622 quomodo
1036 1555 1231 1610 debuit
1269 1555 1529 1610 Christus
1568 1560 1627 1610 et
1662 1570 1778 1610 non
1814 1555 2010 1610 debuit
2045 1555 2186 1623 pati.

633 1649 892 1715 Quanta²
937 1651 1159 1704 ratione
1209 1655 1480 1717 sequatur
1529 1650 1596 1704 de
1647 1654 1829 1704 morte
1868 1651 1988 1704 eius
2025 1649 2265 1702 humana
2302 1647 2571 1702 salvatio.

632 1742 806 1809 Quam
841 1760 1045 1813 magna
1082 1748 1142 1799 et
1179 1759 1341 1810 quam
1380 1746 1532 1799 iusta
1568 1747 1648 1798 sit
1684 1744 2079 1800 misericordia
2115 1744 2225 1799 dei.

491 1839 574 1892 21.
614 1838 774 1905 Quod
810 1839 1140 1907 inpossibile
1179 1841 1258 1894 sit
1297 1839 1581 1894 diabolum
1616 1838 1992 1894 reconciliari.

489 1933 572 1987 22.

629 1933 788 2000 Quod
836 1935 893 1987 in
939 1935 1029 1988 his
1079 1949 1220 2001 quae
1271 1935 1425 1989 dicta
1473 1939 1632 2004 sunt,
1681 1936 1897 1989 veteris
1939 1934 2012 1988 et'
2038 1934 2170 1988 novi
2209 1933 2565 1988 Testamenti

625 2028 839 2082 veritas
875 2029 1114 2096 probata
1151 2031 1230 2084 sit
1244 2031 1281 2083 ³.

634 2240 980 2316 ¹Quomodo
1013 2268 1136 2307 non
1164 2283 1227 2291 —
1253 2253 1599 2307 moriturus
1633 2252 1749 2308 abs.
1784 2270 1817 2307 a
1844 2252 2011 2306 KMN
2016 2252 2124 2307 ΟΡ.
2162 2284 2229 2292 —
2270 2254 2291 2287 ²
2314 2254 2565 2317 Quanta

491 2346 787 2417 KMNOP3
835 2348 1036 2417 vulgo:
1101 2348 1250 2411 Qua.
1289 2376 1357 2387 —
1397 2347 1591 2401 ³KPN
1639 2347 1729 2401 hic
1780 2346 1905 2400 add,
1952 2348 2249 2416 prologum
2286 2346 2569 2401 anshelmi

491 2442 558 2495 de
596 2443 982 2497 incarnatione
1019 2440 1196 2495 uerbi.
