2775 4400
656 297 812 357 CUR
857 298 1066 360 DEUS
1119 300 1368 360 HOMO.
1416 301 1466 360 I.
1516 321 1647 361 vm.
1696 321 1779 360 1x.
2230 313 2303 365 19

234 480 416 538 alibi:
467 485 683 561 pate-r,
733 479 794 539 si
825 478 1145 561 possibile
1191 487 1317 554 est,
1365 488 1658 545 transeat
1702 505 1743 545 a
1789 505 1882 547 me
1928 485 2106 547 calioe
2155 486 2309 548 istc:

235 589 652 644 veruntamen
701 604 826 645 non
868 583 1037 644 sicut
1068 605 1177 666 eqo
1211 584 1368 661 vole,
1421 585 1533 648 sed
1565 588 1733 648 sicut
1764 597 1834 650 tu
1857 586 1894 649 ¹.
1943 592 2025 649 Et
2056 593 2306 652 iterum:

233 693 444 768 pater,
495 686 554 746 si
597 706 727 748 ‘non
753 694 960 768 potest
990 686 1093 748 hic
1127 687 1303 750 calioe
1334 691 1643 766 transire,
1692 692 1833 753 ‘nisi
1864 691 2074 755 bibam
2109 693 2309 770 illum,

224 787 357 870 flat
403 789 704 852 voluntas
747 799 862 852 tua
881 789 925 851 ².
985 795 1058 853 In
1112 796 1205 852 his
1253 797 1538 854 omnibus¹
1569 798 1706 870 plus
1752 799 1993 858 videtur
2039 801 2313 859 Christus

242 898 588 956 obedientia
643 904 932 969 cogente,
996 915 1171 970 quam
1218 908 1555 973 spontanea
1599 901 1913 960 voluntate
1962 904 2314 977 disponente

241 1010 491 1061 mortem
537 1001 912 1064 sustinuisse.
1948 988 1953 993 ⁴

417 1161 552 1232 IX.
615 1161 776 1227 Ans.
836 1168 918 1229 Ut
961 1169 1104 1227 mihi
1149 1169 1410 1241 videtur,
1459 1187 1573 1228 non
1621 1172 1773 1229 bene
1821 1172 2113 1231 discernis
2158 1175 2319 1232 inter

245 1276 359 1332 hoc
419 1273 574 1346 quod
630 1273 779 1331 fecit
825 1273 1104 1345 exigente
1154 1273 1535 1345 obedientia,
1599 1281 1661 1332 et
1706 1275 1861 1347 quod
1908 1277 2025 1334 sibi
2069 1277 2318 1348 factum,

250 1378 391 1450 quia
423 1377 694 1434 servavit
724 1377 1160 1447 obedientiam,
1181 1377 1470 1434 sustinuit
1499 1394 1617 1436 non
1645 1379 1927 1451 exigente
1953 1380 2318 1438 obedientia.

252 1474 406 1540 Boe.
465 1480 725 1538 Necesse
770 1481 996 1551 habe0‚
1046 1486 1114 1537 ut
1156 1481 1266 1540 hoc
1312 1482 1586 1553 apertius
1634 1498 1931 1556 exponas.
1982 1476 2144 1542 Ans.
2206 1483 2325 1542 Cur

251 1585 555 1658 persecuti
616 1591 754 1642 sunt
815 1601 945 1641 eum
990 1583 1206 1642 Iudaei
1252 1601 1440 1658 usque
1487 1586 1565 1643 ad
1611 1589 1904 1649 mortem?
1969 1581 2125 1647 Bos.
2191 1587 2327 1646 Non

255 1692 327 1748 ob
390 1689 556 1748 aliud
616 1689 732 1746 nisi
792 1689 934 1761 quia
999 1689 1316 1746 veritatem
1379 1697 1442 1746 et
1485 1690 1786 1748 iusticiam
1835 1691 2091 1750 vivendo
2140 1697 2200 1750 et
2243 1692 2325 1748 lo-

257 1793 489 1866 quendo
535 1791 1045 1853 indeclinabiliter
1091 1791 1357 1848 tenebat.
1416 1785 1578 1850 Ans.
1626 1792 1756 1851 Hoc
1800 1799 1947 1865 puto
1993 1794 2133 1866 quia
2183 1795 2329 1852 deus

257 1897 334 1955 ab
383 1897 540 1954 omni
583 1894 872 1952 rationali
919 1900 1201 1952 creatura
1249 1895 1460 1971 exigit,
1512 1900 1573 1951 et
1617 1896 1727 1954 hoc
1770 1896 1879 1954 illa
1909 1913 2020 1969 per
2052 1897 2329 1954 obedien-

259 2001 404 2058 tiam
468 1999 578 2058 deo
640 1999 836 2056 debet.
902 1991 1055 2057 Bos.
1103 1997 1200 2056 Sic
1246 2014 1352 2055 nos
1413 1998 1601 2056 fateri
1647 2005 1903 2072 oportet.
1952 1992 2112 2059 Ans.
2157 2000 2334 2058 Hanc

260 2104 450 2177 igitur
489 2103 892 2161 obedientiam
933 2101 1194 2160 debebat
1224 2102 1395 2160 homo
1426 2101 1531 2160 ille
1561 2102 1671 2161 deo
1702 2104 1866 2175 patri
1898 2110 1961 2162 et
1989 2103 2333 2162 humanitas

264 2208 588 2280 divinitati,
637 2216 699 2266 et
740 2209 897 2289 hanc
941 2209 1017 2266 ab
1063 2207 1169 2265 illo
1218 2207 1505 2280 exigebat
1549 2213 1744 2280 pater.
1808 2202 1962 2268 Bos.
2010 2208 2141 2267 Hoc
2184 2208 2335 2266 nulli

264 2313 524 2371 dubium.
573 2304 734 2370 Am.
779 2311 937 2370 Ecce
982 2313 1190 2383 habeS‚
1239 2307 1424 2384 quid³
1465 2312 1616 2369 fecit
1656 2312 1937 2385 exigente
1970 2312 2333 2371 obedientia.

240 2394 422 2476 'Bos
496 2416 720 2474 Verum
781 2423 906 2487 est,
984 2421 1046 2473 et
1105 2416 1224 2473 iam
1281 2415 1456 2474 video
1513 2415 1656 2488 quid
1702 2416 1817 2474 sibi
1863 2416 2132 2487 illatum,
2198 2417 2339 2489 quia

271 2518 601 2577 obediendo
647 2519 1083 2591 perseveravit,
1131 2519 1435 2575 sustinuit.
1484 2518 1638 2576 Nam
1683 2518 1862 2576 illata
1908 2526 2001 2576 est
2043 2520 2136 2577 illi
2182 2536 2339 2577 mors

273 2623 412 2695 quia
459 2621 732 2694 perstitit
761 2622 823 2678 in
855 2621 1218 2691 obedientia,
1266 2628 1328 2678 et
1356 2622 1514 2679 hanc
1544 2621 1861 2692 sustinuit3
1912 2622 2017 2679 sed
2050 2622 2337 2694 quomodo

272 2727 382 2785 hoc
427 2725 772 2783 obedientia
816 2741 932 2781 non
978 2724 1218 2797 exigat,
1276 2740 1394 2782 non
1438 2724 1748 2797 intellego.
1827 2717 1988 2783 Ans.
2062 2724 2126 2784 Si
2170 2726 2341 2783 homo

273 2846 571 2904 nunquam
621 2834 953 2902 peccasset,
1003 2828 1251 2887 deberet
1295 2829 1428 2901 pati
1458 2834 1727 2899 mortem,
1776 2835 1883 2887 aut
1915 2829 2165 2888 deberet
2197 2830 2343 2888 deus

273 2938 385 2995 hoc
431 2940 676 3008 exigere
720 2934 798 2992 ab
843 2933 994 2990 illo?
1072 2927 1226 2992 Bos.
1303 2932 1803 3004 Quemadmodum
1850 2934 2177 3005 credimuS,
2234 2950 2346 2991 nec

277 3042 445 3099 homo
490 3044 828 3097 moreretur
873 3054 984 3095 nec
1027 3037 1138 3095 hoc
1185 3037 1260 3094 ab
1307 3036 1413 3094 illo
1460 3037 1828 3111 exigeretur,
1884 3037 1989 3094 sed
2034 3037 2209 3094 huius
2253 3038 2346 3094 rei

281 3163 316 3202 a
374 3151 435 3201 te
481 3144 691 3205 audire
738 3143 871 3201 volo
917 3141 1234 3200 rationem.
1301 3133 1465 3198 Ans.
1533 3136 1956 3198 Rationalem⁴
2005 3146 2347 3198 creaturam

281 3249 498 3306 iustam
542 3247 770 3304 factam
817 3261 949 3303 esse
997 3251 1059 3302 et
1104 3244 1183 3302 ad
1226 3245 1357 3315 hoc,
1407 3249 1474 3300 ut
1520 3244 1630 3300 deo
1661 3242 1918 3301 fruendo
1949 3243 2133 3300 beata
2166 3248 2346 3314 esset,

283 3369 398 3410 non
442 3366 654 3423 negas
724 3342 878 3407 Boe.
945 3346 1097 3405 Non.
1164 3339 1324 3405 Ans.
1385 3347 1514 3404 Deo
1562 3351 1762 3404 autem
1808 3361 2182 3417 nequaquam
2230 3346 2348 3403 exi-

285 3454 559 3513 stimabis
606 3452 942 3522 convenire,
990 3456 1059 3507 ut
1104 3466 1279 3522 quam
1310 3445 1502 3507 fecit⁵
1534 3449 1752 3507 iustam
1785 3449 1863 3507 ad
1894 3448 2349 3521 beatitudinem,

432 3636 667 3692 ¹Matth.
715 3636 810 3703 26,
859 3636 942 3691 39.
994 3665 1057 3673 -
1110 3634 1354 3688 ‘Mau-h.
1405 3634 1499 3700 26,
1546 3633 1631 3687 42.
1686 3663 1745 3671 —
1788 3631 2009 3685 ³KNP:
2071 3632 2251 3701 quod.
2290 3663 2353 3670 —

288 3724 562 3779 ⁴KNOP:
598 3723 1072 3778 Rationabilem.
1111 3752 1174 3759 -
1217 3720 1442 3774 ⁵KNP:
1477 3720 1713 3789 fecerit.
