2775 4400
699 279 850 339 CUR
895 279 1104 340 DEUS
1152 279 1395 338 HOMO.
1446 279 1495 337 Ι.
1545 299 1669 337 xlx.
1716 299 1819 337 xx.
2190 285 2271 338 47

193 461 340 540 quod
383 463 604 534 rapuit
650 463 990 534 peccando,
1054 463 1141 520 sic
1183 468 1401 535 aperte
1445 464 1829 536 monstrasti,
1875 469 1944 521 ut
1988 464 2173 522 etiam
2218 464 2275 523 si

190 561 378 636 velim,
425 581 548 622 non
596 566 824 638 possim
871 565 1170 624 dubitare.

347 761 527 833 XX.
579 763 744 830 Ans.
795 772 925 830 Hoc
967 788 1204 844 quoque
1249 759 1368 830 non
1416 772 1742 843 dubitabis»,
1802 779 1869 830 ut
1912 778 2078 846 puto,
2127 775 2276 846 quia

184 874 503 932 secundum
569 892 916 934 mensuram
975 876 1214 948 peccati
1275 881 1518 948 oportet
1577 875 2055 935 satisfactionem
2115 893 2265 935 esse.

183 970 332 1034 Bos.
391 977 606 1036 Aliter
680 979 1065 1051 aliquatenus
1133 979 1542 1038 inordinatum
1603 986 1877 1038 maneret
1934 987 2271 1053 peccatum,

183 1079 332 1148 qnod
393 1097 534 1139 esse
584 1099 706 1140 non
750 1088 983 1155 potest,
1046 1083 1096 1140 si
1144 1083 1290 1140 deus
1334 1082 1485 1140 nihil
1528 1083 1818 1155 relinquit
1861 1082 2275 1144 inordinatum

183 1181 240 1237 in
281 1199 476 1254 regno
529 1180 709 1243 suo¹.
788 1185 906 1244 Sed
950 1186 1062 1244 hoc
1107 1192 1201 1244 est
1245 1186 1705 1259 praestitutum,
1754 1187 1895 1257 quia
1942 1187 2275 1258 quamlibet.

185 1299 434 1353 parvum
484 1289 924 1356 inconveniens
967 1289 1320 1362 inpossibile
1353 1291 1540 1348 estin
1573 1289 1701 1347 de0.
1748 1282 1910 1348 Ans.
1955 1289 2071 1346 Dic
2102 1306 2275 1362 erg0,

184 1388 318 1457 quid
365 1391 577 1450 solves
629 1393 896 1466 deopro
941 1400 1189 1466 peccato
1235 1395 1384 1463 tuo?
1449 1387 1603 1452 Bos.
1649 1392 2117 1465 Paenitentiam,
2167 1411 2269 1452 cor

184 1492 506 1552 contritum
551 1503 618 1554 et
649 1496 1042 1566 humiliatum,
1092 1496 1493 1554 abstinentias
1527 1501 1589 1552 et
1618 1496 1996 1553 multimodos
2024 1495 2275 1556 labores

185 1598 449 1677 corporis
513 1605 581 1658 et
640 1598 1113 1658 misericordiam
1160 1599 1345 1658 dandi
1392 1604 1454 1656 et
1499 1599 1841 1656 dimittendi
1886 1604 1946 1657 et
1993 1601 2267 1659 obedien-

182 1695 341 1755 tiam.
407 1695 582 1762 Ans.
647 1687 801 1773 Quid
854 1704 915 1760 in
963 1703 1232 1764 omnibus
1277 1702 1370 1759 his
1419 1702 1528 1759 das
1576 1703 1731 1760 deo?
1794 1697 1947 1762 Bos.
2009 1703 2106 1760 An
2150 1721 2270 1762 non

184 1796 401 1860 honoro
453 1805 672 1878 deum,
720 1805 956 1878 quando
1000 1813 1253 1879 propter
1297 1806 1572 1863 timorem
1618 1807 1747 1863 eius
1795 1811 1857 1862 et
1900 1783 2158 1865 amorem
2205 1808 2267 1864 in

188 1904 378 1962 cordis
440 1911 809 1968 contritione
869 1909 1176 1967 laeticiam
1237 1909 1629 1981 temporalem
1684 1909 1913 1980 abici0,
1974 1909 2036 1966 in
2082 1910 2263 1966 absti-

186 2009 404 2066 nentiis
464 2019 530 2072 et
591 2013 902 2071 laboribus
965 2013 1401 2070 delectationes
1457 2019 1518 2071 et
1574 2013 1835 2084 quietem
1879 2012 2055 2070 huius
2100 2013 2265 2071 vitae

190 2109 382 2184 calco,
445 2116 514 2174 in
565 2117 762 2174 dando
810 2122 871 2174 et
916 2116 1270 2176 dimittendo
1319 2133 1472 2188 quae
1517 2132 1651 2174 mea
1698 2121 1838 2173 sunt
1881 2116 2147 2190 largior,
2202 2118 2267 2178 in

189 2212 537 2279 obedientia
586 2221 874 2294 meipsum
919 2222 1010 2279 illi
1055 2217 1333 2279 subicio?
1379 2214 1541 2279 Ans.
1590 2220 1729 2279 Cum
1775 2221 1983 2279 reddis
2014 2221 2268 2294 aliquid,

192 2319 339 2385 quod
387 2322 578 2382 debes
628 2325 738 2400 deo
786 2326 968 2383 etiam
1013 2326 1064 2383 si
1109 2342 1225 2383 non
1266 2326 1555 2397 peccasti,
1603 2341 1722 2382 non
1763 2326 1945 2383 debes
1974 2325 2086 2383 hoc
2117 2342 2263 2383 com-

188 2426 401 2489 putare
447 2445 564 2501 pro
613 2428 835 2499 debito,
885 2428 1040 2500 quod
1087 2429 1270 2486 debes
1316 2446 1425 2501 pro
1472 2434 1741 2501 peccato.
1807 2428 2017 2487 Omnia
2064 2436 2265 2486 autem

191 2521 305 2581 ista
353 2529 542 2589 debes
590 2532 728 2603 deo,
779 2548 932 2604 quae
978 2532 1146 2590 dicis
1217 2532 1452 2590 Tantus
1498 2548 1752 2603 namque
1799 2531 1981 2589 debet
2025 2548 2156 2588 esse
2202 2533 2265 2589 in

191 2624 300 2686 hac
343 2635 594 2695 mortali
641 2636 768 2693 vita
820 2652 1019 2707 amor,
1085 2641 1145 2693 et
1189 2635 1268 2693 ad
1314 2636 1469 2707 quod
1514 2636 1782 2708 pertinet
1828 2635 2055 2705 oratio,
2113 2634 2262 2692 desi-

196 2728 416 2794 derium
464 2738 862 2812 perveniendi
907 2740 985 2797 ad
1033 2739 1095 2797 id
1142 2738 1221 2795 ad
1264 2739 1419 2810 quod
1465 2738 1665 2795 factus
1699 2753 1782 2807 eS,
1832 2741 1893 2795 et
1921 2737 2089 2795 dolor
2123 2740 2269 2810 quia

194 2837 445 2899 nondum
492 2843 580 2899 ibi
627 2858 710 2913 eS,
759 2848 821 2900 et
864 2844 1044 2901 timor
1088 2858 1163 2899 ne
1209 2858 1326 2899 non
1369 2842 1712 2915 perveniaS,
1759 2846 1828 2899 ut
1872 2841 2099 2899 nullam
2140 2841 2267 2899 lae-

196 2936 390 3000 ticiam
439 2946 669 3003 sentire
719 2946 938 3004 debeas
984 2946 1100 3003 nisi
1149 2945 1222 3002 de
1267 2945 1395 3015 his,
1444 2962 1597 3017 quae
1642 2945 1755 3002 tibi
1802 2951 1909 3002 aut
1954 2946 2262 3018 auxilium,

196 3049 296 3099 aut
363 3063 531 3121 spem
602 3050 750 3107 dant
814 3048 1226 3122 perveniendi.
1300 3048 1435 3105 Non
1496 3049 1650 3105 enim
1709 3050 1957 3106 mereris
2016 3048 2266 3121 habere,

199 3147 345 3213 quod
391 3168 509 3211 non
557 3153 881 3211 secundum
928 3153 1083 3225 quod
1131 3157 1224 3209 est
1255 3167 1425 3209 amas
1458 3157 1518 3209 et
1551 3151 1881 3222 desideraS,
1930 3157 1989 3207 et
2022 3151 2095 3208 de
2127 3168 2264 3223 qu0,

199 3250 331 3316 quia
391 3257 658 3315 nondum
705 3257 894 3314 habes
941 3262 1003 3313 et
1047 3256 1243 3313 adhuc
1289 3262 1487 3313 utrum
1532 3254 1848 3311 habiturus
1895 3255 1977 3311 sis
2023 3271 2102 3311 an
2146 3271 2261 3311 non

199 3347 257 3405 in
299 3359 466 3417 tanto
515 3376 579 3417 es
623 3360 930 3433 periculo,
975 3377 1094 3417 non
1142 3358 1324 3416 doles.
1394 3358 1492 3416 Ad
1539 3357 1696 3430 quod
1744 3358 1923 3414 etiam
1971 3358 2263 3428 pertinet,

203 3539 602 3560 &—

340 3676 515 3732 ¹Vide
555 3694 724 3747 supra
762 3696 806 3731 c.
845 3680 927 3732 12.
