2775 4400
596 277 753 336 CUR
799 277 1007 338 DEUS
1053 277 1301 337 HOMO.
1347 279 1434 337 II.
1480 299 1564 337 XI.
1614 299 1721 337 xn.
1769 299 1905 339 xm.
2130 263 2135 268 ⁶
2215 285 2291 340 75

219 452 381 518 Ans.
443 461 598 520 Sunt
659 465 720 518 et
779 461 904 519 alia
955 441 1188 532 multa,
1253 477 1357 520 cur
1420 479 1552 520 eum
1608 464 1785 523 valde
1834 465 2152 523 conveniat
2194 465 2293 522 ho-

214 563 440 622 minum
517 565 968 622 similitudinem
1042 571 1102 623 et
1173 567 1688 625 conversationem
1759 568 1986 640 absque
2044 574 2294 640 peccato

217 665 464 740 habere,
514 684 679 741 quae,
715 668 959 726 facilius
1005 674 1068 727 et
1114 668 1336 727 clarius
1380 686 1491 742 per
1536 686 1600 727 se
1646 676 1862 743 patent
1905 671 1968 728 in
2009 672 2137 730 eius
2168 672 2297 730 vita

213 776 281 827 et
340 772 661 844 operibus,
725 788 903 844 quam
962 770 1131 830 velut
1175 778 1317 831 ante
1364 774 1838 845 experimentum
1886 773 2015 832 sola
2058 775 2296 833 ratione

211 876 547 932 monstrari
606 876 857 948 possint.
934 876 1077 946 Quis
1139 877 1294 934 enim
1350 877 1647 948 explicet,
1708 893 1885 950 quam
1929 879 2313 950 necessarie„

208 994 396 1049 quam
459 979 772 1050 sapienter
830 979 1058 1037 factum
1113 985 1239 1051 est,
1301 985 1370 1037 ut
1414 979 1519 1037 ille
1566 981 1666 1053 qui
1711 981 1979 1039 homines
2026 987 2161 1039 erat
2204 998 2295 1038 re·

209 1081 574 1154 dempturus
637 1088 698 1139 et
753 1083 826 1140 de
882 1084 980 1141 via
1025 1083 1236 1140 mortis
1283 1089 1346 1140 et
1390 1083 1755 1156 perditionis
1802 1085 1879 1148 ad
1925 1086 2086 1143 viam
2131 1085 2297 1144 vitae

209 1189 278 1241 et
320 1185 727 1244 beatitudinis
758 1191 1047 1244 aeternae
1080 1186 1346 1244 docendo
1375 1187 1756 1260 reducturnS,
1806 1204 1934 1246 cum
1964 1188 2298 1245 hominibus

215 1294 690 1347 conversaretur
749 1294 811 1347 et
868 1291 930 1346 in
988 1290 1124 1362 ipsa
1171 1291 1663 1362 conversatione,
1729 1307 1858 1348 cum
1907 1307 2007 1348 eos
2055 1291 2301 1348 doceret

213 1393 404 1449 verbo
471 1393 735 1464 qualiter
794 1394 1002 1452 vivere
1050 1393 1372 1466 deberent,
1438 1395 1697 1466 seipsum
1746 1394 2078 1466 exemplum
2122 1410 2299 1466 prae-

205 1495 436 1553 beret?
513 1495 866 1568 Exemplum
926 1501 1127 1554 autem
1183 1497 1447 1568 seipsum
1493 1497 1780 1569 quomodo
1828 1497 2005 1555 daret
2048 1497 2298 1556 infirmis

210 1605 279 1656 et
322 1600 725 1672 mortalibuS,
785 1606 854 1658 ut
896 1606 1148 1673 propter
1191 1581 1481 1674 iniuriaS‚
1548 1608 1657 1659 aut
1702 1601 2129 1674 contumelias,
2193 1608 2302 1660 aut

205 1703 499 1776 dolores,
563 1709 670 1762 aut
726 1710 976 1762 mortem
1021 1721 1058 1762 a
1104 1705 1348 1763 iusticia
1395 1721 1513 1762 non
1555 1704 1946 1778 recederent,
2010 1705 2063 1762 si
2106 1705 2300 1778 ipsum

207 1806 374 1865 haec
419 1807 617 1865 omnia
665 1809 890 1866 sentire
937 1825 1056 1866 non
1099 1810 1546 1880 agnoscerent?

392 2010 570 2080 XII.
614 2013 768 2078 Bos.
816 2017 1029 2077 Omnia
1074 2019 1226 2077 haec
1252 2025 1555 2092 ‚patenter
1601 2019 1926 2076 ostendunt
1973 2035 2103 2077 eum
2148 2036 2299 2077 mor·

205 2124 404 2182 talem
469 2129 530 2180 et
586 2123 1084 2181 incommodorum
1147 2128 1487 2181 nostrorum
1541 2123 1903 2196 participem
1951 2139 2083 2182 esse
2130 2140 2299 2196 opor-

208 2234 371 2286 tere.
423 2226 542 2286 Sed
586 2227 737 2286 haec
783 2228 978 2285 omnia
1021 2228 1302 2285 miseriae
1349 2232 1597 2287 nostrae
1640 2234 1797 2300 sunt,
1844 2228 2110 2301 nunquid
2154 2245 2301 2302 ergo

205 2334 403 2391 miser
451 2332 611 2389 erit?
667 2323 828 2390 Ans.
877 2331 1303 2404 Nequaquam3
1352 2349 1493 2390 nam
1539 2333 1712 2389 sicut.
1740 2332 1819 2389 ad
1863 2333 2301 2390 beatitudinem

211 2452 338 2494 non
386 2436 654 2508 pertinet
693 2436 1058 2494 commodum
1091 2434 1246 2507 quod
1278 2435 1467 2493 habet
1498 2436 1631 2507 quis
1666 2442 1875 2493 contra
1908 2435 2299 2507 voluntatem,

214 2540 312 2598 ita
371 2555 492 2597 non
539 2545 632 2597 est
676 2540 918 2597 miseria
967 2538 1426 2611 apprehendere
1474 2539 1785 2610 sapienter
1830 2538 1997 2596 nulla
2043 2539 2300 2597 necessi-

207 2650 355 2703 tate
404 2643 649 2716 aliquod
692 2642 1125 2702 incommodum
1173 2642 1495 2700 secundnm
1544 2641 1935 2699 voluntatem.

393 2840 607 2910 XIII.
665 2843 820 2908 Bos.
878 2846 1333 2905 Concedendum
1378 2853 1502 2917 est3
1581 2863 1789 2905 verum
1834 2848 1896 2904 in
1941 2847 2057 2905 hac
2101 2848 2305 2914 simili-

217 2954 432 3011 tudine
498 2969 676 3025 quam
742 2952 965 3009 habere
1030 2951 1211 3009 debet
1273 2968 1403 3009 cum
1462 2950 1835 3022 hominibus,
1909 2951 2039 3022 dic,
2107 2957 2307 3008 utrum

217 3056 632 3130 ignorantiam
694 3071 925 3128 quoque
987 3055 1143 3113 sicut
1186 3054 1367 3113 alias
1422 3054 1807 3112 infirmitates
1852 3061 2094 3111 nostras
2140 3054 2306 3111 habi·

216 3168 396 3218 turns
459 3160 583 3217 sit?
659 3151 820 3217 Ans.
886 3158 1037 3229 Quid
1106 3158 1349 3216 dubitas
1407 3158 1480 3215 de
1529 3158 1673 3229 dec,
1740 3163 1940 3214 utrum
1985 3158 2066 3213 sit
2111 3157 2308 3214 omnia

219 3264 464 3323 sciens?
511 3257 664 3322 Bos.
714 3262 866 3332 Quia
912 3262 1184 3335 quamvis
1233 3263 1316 3319 sit
1345 3261 1683 3319 inmortalis
1720 3260 1962 3318 futurus
1996 3277 2069 3318 ex
2101 3260 2307 3318 divina

221 3375 479 3439 natura,
549 3366 823 3424 mortalis
885 3372 1088 3423 tamen
1151 3367 1271 3424 erit
1331 3383 1405 3423 ex
1467 3366 1746 3423 humana.
1823 3364 1977 3422 Nam
2032 3380 2137 3421 cur
2189 3380 2309 3420 non

223 3471 504 3529 similiter
563 3471 788 3543 poterit
834 3469 1005 3527 homo
1050 3469 1155 3527 ille
1204 3485 1336 3526 esse
1382 3486 1527 3527 vere
1571 3470 1900 3542 ignoranS‚
1964 3467 2122 3525 sicut
2165 3482 2309 3525 vere

223 3574 501 3632 mortalis
563 3574 726 3631 erit?
804 3565 965 3632 Ans.
1028 3573 1148 3630 Illa
1208 3574 1461 3630 hominis
1518 3572 1847 3644 assumptio
1902 3572 1964 3628 in
2009 3571 2305 3628 unitatem

219 3693 520 3749 personae
584 3677 682 3735 dei
743 3693 860 3735 non
920 3677 1040 3735 nisi
1102 3677 1416 3749 sapienter
1478 3692 1514 3732 a
1569 3692 1794 3733 summa
1840 3676 2142 3748 sapientia
2185 3674 2308 3746 fiet,
