2775 4400
714 265 869 325 CUR
915 266 1124 327 DEUS
1175 267 1422 328 HOMO.
1468 270 1518 327 Ι.
1568 289 1649 328 XI.
1698 290 1807 328 xn.
2234 278 2309 330 27

225 447 412 506 Hunc
475 449 753 514 honorem
823 451 1090 510 debitum
1156 454 1256 525 qui
1318 455 1429 512 deo
1488 472 1601 513 non
1659 456 1893 526 reddit,
1956 455 2159 512 aufert
2204 457 2313 515 deo

227 553 392 624 quod
455 568 624 609 suum
679 559 811 625 est,
880 541 942 611 et
988 555 1157 612 deum
1206 557 1565 628 exhonorat3
1638 567 1697 616 et
1743 559 1857 618 hoc
1902 566 1992 616 est
2040 576 2311 632 peccare.

229 655 531 726 Quamdiu
592 662 792 717 autem
852 674 968 714 non
1016 659 1197 718 solvit
1244 661 1399 732 quod
1444 663 1681 733 rapuit,
1746 669 1949 720 manet
1993 663 2055 720 in
2102 663 2311 736 culpa;

229 775 347 817 nec
395 759 612 818 sufficit
659 760 1027 822 solummodo
1074 762 1332 820 reddere
1380 764 1551 836 qnod.
1580 764 1850 822 ablatum
1896 773 2007 836 est,
2056 767 2161 824 sed
2204 785 2315 840 pro

229 863 603 920 contumelia
649 863 824 921 illata
873 864 1012 936 plus
1059 865 1242 923 debet
1285 867 1559 938 reddere,
1609 869 2102 940 qua-m'abst-ulit.
2150 869 2317 929 Sicut

231 966 393 1022 enim
454 966 554 1038 qui
611 966 804 1025 laedit
869 967 1124 1026 salutem
1186 968 1473 1042 alteriUS,
1536 987 1652 1028 non
1700 971 1916 1030 sufficit
1962 974 2014 1029 si
2060 973 2314 1031 salutem

233 1069 532 1140 restituit,
580 1070 696 1127 nisi
738 1087 848 1143 pro
891 1071 1067 1129 illata
1101 1071 1326 1130 doloris
1355 1073 1577 1132 iniuria
1608 1082 2020 1148 recompenset
2051 1077 2311 1149 aliquid:

231 1179 329 1239 ita
365 1176 465 1250 qui
494 1179 776 1237 honorem
809 1175 1064 1234 alicuius
1097 1176 1307 1247 violat,
1343 1194 1457 1234 non
1490 1177 1707 1236 sufficit
1736 1178 2013 1237 honorem
2038 1181 2314 1251 reddere,

233 1284 288 1340 si
347 1302 464 1342 non
513 1283 834 1342 secundum
883 1280 1370 1339 exhonorationis
1416 1281 1642 1339 factam
1687 1281 2017 1340 molestiam
2066 1285 2314 1357 aliquid,

235 1389 400 1471 quod
458 1384 698 1461 placet¹
748 1387 839 1445 illi
887 1402 1061 1458 quem
1109 1384 1536 1456 exhonoravit,
1598 1381 1927 1443 restituit2.
2005 1387 2133 1447 Hoc
2178 1405 2315 1461 quo-

234 1508 354 1565 que
417 1490 879 1562 attendendum,
945 1489 1086 1562 quia
1134 1505 1262 1548 cum
1309 1489 1529 1561 aliquis
1575 1490 1732 1562 quod
1775 1490 1997 1548 iniuste
2043 1492 2314 1561 abstulit,

238 1596 460 1666 solvit,
521 1596 632 1654 hoc
691 1595 871 1653 debet
917 1594 1066 1651 dare
1113 1593 1272 1666 quod
1320 1594 1397 1650 ab
1442 1593 1546 1651 illo
1593 1610 1709 1652 non
1754 1601 1959 1666 posset
2006 1596 2204 1667 exigi,
2266 1597 2317 1654 si

236 1699 503 1758 alienum
564 1716 681 1756 non
734 1698 1058 1770 rapuisset.
1135 1689 1235 1755 Sic
1281 1713 1428 1769 ergo
1477 1697 1657 1755 debet
1703 1699 1889 1756 omnis
1937 1698 2036 1770 qui
2083 1707 2315 1771 peccat,

237 1805 522 1861 honorem
571 1818 740 1875 quem
786 1801 1172 1874 rapuitdeo,
1223 1801 1490 1870 solvere,
1540 1807 1601 1857 et
1644 1802 1795 1859 haec
1828 1808 1920 1859 est
1952 1801 2315 1872 satisfactiO,
2360 1820 2368 1826 ·

243 1923 422 1980 quam
471 1907 658 1964 omnis
704 1911 990 1978 peccator
1038 1905 1145 1962 deo
1196 1904 1376 1961 debet
1421 1904 1646 1962 facere.
1695 1898 1848 1963 Bos.
1895 1905 1967 1963 In
2005 1905 2100 1961 his
2139 1907 2316 1962 omni-

240 2011 389 2081 bus,
457 2010 732 2082 quoniam
792 2010 1087 2067 rationem
1151 2008 1318 2080 sequi
1377 2008 1829 2079 proposuimuS,
1893 2008 2316 2080 quamvis'ali—

243 2113 597 2186 quantulum
656 2130 748 2170 me
809 2119 1080 2182 terreae,
1156 2111 1302 2168 nihil
1365 2112 1557 2169 habeo
1621 2111 1775 2183 quod
1834 2112 2054 2184 possim
2118 2111 2318 2170 dicere

243 2224 477 2277 contra.

417 2373 589 2444 XII.
636 2374 794 2441 Ans.
845 2381 1187 2439 Redeamus
1229 2387 1290 2437 et
1323 2380 1651 2451 videamuS,
1696 2387 1892 2438 utrum
1931 2381 2059 2438 sola
2090 2382 2317 2438 miseri-

244 2486 454 2545 cordia
501 2486 630 2543 sine
679 2486 834 2543 omni
883 2484 1178 2542 solutione
1220 2483 1413 2541 ablati
1447 2485 1562 2541 sibi
1593 2485 1852 2557 honoris,
1902 2485 2117 2542 deceat
2150 2484 2319 2542 deum

241 2584 601 2664 peccatum³
671 2590 994 2648 dimittere.
1074 2582 1226 2646 Bos.
1304 2578 1438 2645 Non
1505 2588 1680 2645 video
1752 2604 1857 2645 cur
1915 2604 2031 2645 non
2089 2588 2317 2645 deceat.

245 2686 407 2752 Ans.
483 2693 582 2751 Sic
651 2693 953 2751 dimittere
1022 2697 1335 2765 peccatum
1404 2707 1521 2748 non
1589 2702 1682 2749 est
1745 2691 1911 2749 aliud
1973 2682 2145 2764 quam
2205 2708 2320 2748 non

240 2796 492 2871 'punire3
574 2803 636 2853 et
695 2797 971 2867 quoniam
1035 2802 1201 2853 recte
1264 2795 1547 2853 ordinare
1608 2802 1922 2867 peccatum
1970 2796 2099 2853 sine
2146 2796 2319 2853 satis-

241 2900 514 2959 factione
561 2916 676 2957 non
725 2906 818 2956 est
863 2900 980 2956 nisi
1026 2899 1275 2972 punire,
1333 2900 1384 2956 si
1430 2916 1545 2957 non
1591 2900 1868 2972 punitur,
1919 2899 2319 2957 inordinatum

245 3004 590 3062 dimittitur.
662 2997 817 3062 Bos,
889 3002 1280 3061 Rationabile
1329 3010 1422 3059 est
1468 3002 1621 3075 quod
1669 3003 1837 3060 dieis.
1912 2996 2071 3061 Ans·
2132 3003 2319 3059 Deum

243 3123 392 3165 vero
438 3124 553 3165 non
604 3106 777 3165 decet
823 3106 1053 3179 aliquid
1098 3107 1500 3164 inordinatum
1547 3106 1607 3163 in
1642 3122 1747 3163 suo
1778 3123 1965 3179 regno
2001 3106 2318 3163 dimittere.

245 3206 403 3270 Bos,
450 3212 514 3269 Si
561 3210 727 3269 aliud
779 3212 909 3269 volo
959 3211 1178 3282 dicere,
1226 3211 1406 3268 timeo
1440 3226 1713 3283 peccare.
1763 3202 1923 3269 Ans.
1968 3209 2099 3267 Non
2134 3204 2323 3281 erg0⁴

247 3315 423 3373 decet
484 3315 655 3372 deum
716 3320 1031 3387 peccatum
1079 3314 1166 3372 sic
1213 3315 1547 3387 inpunitum
1595 3298 1917 3377 dimittere.
1996 3308 2148 3373 Bos.
2223 3313 2323 3371 Ita

395 3516 408 3549 ¹
431 3514 484 3580 K
513 3530 546 3567 a
574 3530 659 3582 pr.
681 3531 749 3568 m.
769 3515 1039 3583 placeat.
1069 3544 1130 3552 —-
1166 3515 1185 3547 ²
1206 3479 1481 3568 restituit
1501 3513 1766 3567 KLMNO
1784 3532 1798 3581 3
1818 3513 1915 3567 aL:
1936 3513 2324 3565 restituat.—

248 3603 272 3637 ³
287 3603 616 3669 peccatum
641 3600 936 3667 KLMNPg
972 3601 1176 3670 vulgo:
1199 3603 1481 3669 peccata.
1522 3630 1582 3638 —
1624 3602 1646 3635 ⁴
1666 3615 1787 3653 non
1815 3615 1955 3668 erqo
1982 3596 2322 3665 KLMNOP,

245 3685 457 3754 vulgo:
494 3687 685 3756 iyitm·
721 3702 862 3741 nou.
