2775 4400
705 292 860 351 CUR
905 292 1112 352 DEUS
1159 292 1407 351 HOMO.
1454 293 1539 350 Π.
1588 311 1723 352 v111.
1769 313 1852 350 1x.
2231 299 2306 353 67

231 492 412 546 quam
457 481 528 533 ut
573 475 648 533 de
680 476 908 534 femina
957 477 1086 534 sine
1117 477 1246 535 viro
1280 481 1550 533 assumat
1580 477 1747 534 illum
1780 477 2091 548 hominem,
2141 478 2311 550 quem

229 580 598 650 quaerimus,
677 580 890 638 Utrum
937 585 1138 638 autem
1185 579 1260 637 de
1305 579 1543 653 virgine
1565 625 1578 652 ‚
1638 585 1746 638 aut
1794 580 1866 638 de
1911 597 2029 638 non
2072 581 2311 654 virgine

231 682 478 754 dignius
541 683 656 741 hoe
712 683 852 755 fiat,
915 700 1029 741 non
1077 689 1172 742 est
1216 699 1363 756 opus
1414 683 1764 756 disputare,
1828 684 1935 741 sed
1981 684 2108 741 sine
2157 685 2313 742 omni

229 785 615 844 dubitatione
664 787 1051 845 asserendum
1095 791 1205 857 est,
1255 787 1396 859 quia
1439 787 1511 844 de
1543 788 1781 860 virgine
1816 787 1989 844 deum
2020 787 2313 845 hominem

227 890 403 948 nasei
449 895 711 962 oportet.
761 885 914 950 Bos.
963 891 1298 949 Secundum
1326 891 1618 963 placitum
1652 891 1849 948 cordis
1879 892 1996 948 mei
2026 891 2311 963 loqueris,

227 985 393 1052 Ans.
455 993 651 1051 Estne
696 994 808 1052 hoo
853 993 1107 1052 solidum
1153 994 1307 1066 quod
1342 993 1631 1066 diximus,
1696 999 1803 1052 aut
1832 1011 2050 1052 vanum
2084 994 2314 1066 aliquid

227 1097 390 1154 sieut
444 1098 673 1168 nubeS‚
745 1098 900 1170 quod
957 1092 1206 1156 dixisti¹
1254 1098 1427 1155 nobis
1471 1098 1746 1155 infideles
1795 1098 2079 1155 obicere?
2156 1091 2310 1156 Bos.

165 1191 172 1197 ’
227 1199 398 1258 Nihil
459 1200 734 1258 solidius,
813 1193 974 1260 Ans.
1033 1201 1228 1274 Pinge
1273 1201 1465 1274 igitur
1510 1218 1630 1259 non
1676 1217 1858 1273 super
1901 1201 2101 1259 fictam
2146 1202 2312 1259 vani-

227 1307 455 1375 tatem,
529 1304 637 1361 sed
683 1321 864 1377 super
909 1305 1165 1362 solidam
1207 1305 1563 1376 veritatem,
1635 1310 1697 1362 et
1744 1304 1873 1372 dio,
1942 1305 2083 1376 quia
2129 1305 2309 1364 valde

233 1408 549 1478 convenit,
618 1413 687 1465 ut
753 1409 1242 1481 quemadmodum
1309 1408 1562 1466 hominis
1631 1415 1945 1480 peecatum
2009 1413 2072 1465 et
2131 1423 2316 1465 causa

231 1517 482 1568 nostrae
532 1511 979 1584 dampnationis
1024 1512 1260 1568 initium
1306 1512 1563 1584 sumpsit
1608 1528 1644 1568 a
1691 1511 1951 1584 femina,
1998 1512 2087 1568 ita
2130 1511 2312 1568 medi-

235 1614 368 1672 cina
398 1616 644 1687 peeoati
676 1620 738 1672 et
763 1627 952 1673 'eausa
986 1620 1230 1673 nostrae
1255 1615 1613 1673 salvationis
1638 1620 1927 1672 nascatur
1953 1615 2026 1672 de
2052 1615 2311 1686 femina3

233 1733 308 1774 ae
348 1735 426 1775 ne
472 1717 759 1776 mulieres
806 1718 1131 1791 desperent
1169 1735 1233 1776 se
1272 1719 1581 1791 pertinere
1614 1716 1693 1775 ad
1726 1719 1946 1775 sortem
1979 1719 2312 1787 beatorum,

237 1823 520 1892 quoniam
567 1821 642 1879 de
687 1821 914 1879 femina
959 1827 1193 1879 tantum
1238 1822 1461 1879 malum
1505 1823 1836 1894 processit,
1908 1827 2179 1894 oportet,
2250 1828 2318 1878 ut

237 1923 316 1980 ad
372 1925 840 1983 reformandam.
887 1941 1052 2000 spem
1113 1941 1318 1983 earum
1380 1925 1453 1982 de
1512 1925 1763 1982 muliere
1820 1929 2054 1981 tantum
2101 1925 2316 1981 bonum

237 2029 550 2100 procedat.
626 2029 822 2102 Pinge
885 2036 948 2088 et
1004 2032 1148 2088 hoo:
1227 2031 1277 2086 si
1335 2031 1513 2102 virgo
1577 2038 1712 2086 erat
1768 2007 1921 2101 quae
1970 2044 2153 2086 eausa
2198 2027 2318 2086 fuit

237 2131 496 2191 hnmano
560 2134 773 2207 generi
815 2135 1006 2192 totius
1050 2133 1226 2206 mali,
1289 2133 1475 2191 multo
1520 2133 1717 2206 magis
1766 2132 1967 2204 decet,
2032 2137 2099 2189 ut
2143 2132 2317 2205 virgo

240 2238 322 2294 sit
378 2254 538 2311 quae
601 2255 784 2296 eausa
845 2239 964 2296 erit
1020 2240 1208 2297 totius
1263 2239 1420 2295 boni.
1500 2238 1630 2295 Hoc
1686 2254 1918 2310 quoque
1972 2238 2185 2310 pinge:
2268 2238 2319 2294 si

239 2342 474 2413 mulier,
525 2357 703 2414 quam
748 2342 898 2400 fecit
943 2343 1090 2400 (leus
1139 2342 1211 2399 de
1257 2342 1386 2400 viro
1436 2342 1564 2399 sine
1610 2341 1855 2413 femina,
1904 2341 2073 2399 faeta
2121 2346 2214 2397 est
2245 2340 2318 2397 de

245 2446 501 2517 virgine,
552 2446 833 2505 convenit
877 2446 1074 2517 valde,
1121 2450 1191 2502 ut
1234 2446 1328 2503 vir
1375 2461 1626 2518 quoque,
1676 2445 1776 2517 qui
1831 2444 1936 2500 fiet
1968 2442 2040 2500 de
2071 2443 2317 2513 femina,

241 2550 368 2607 sine
415 2550 550 2607 viro
593 2549 704 2607 fiat
750 2549 823 2606 de
867 2550 1124 2623 virgine.
1181 2548 1300 2607 Sed
1348 2548 1422 2605 de
1466 2548 1721 2621 picturis
1769 2562 1921 2619 quae
1966 2546 2138 2618 pingi
2184 2562 2317 2617 pos-

243 2658 382 2710 sunt
428 2669 613 2725 super
658 2654 799 2725 hoc,
858 2654 998 2726 quia
1046 2654 1192 2711 deus
1237 2652 1407 2709 homo
1456 2652 1529 2709 de
1575 2652 1811 2723 virgine
1857 2650 2106 2708 muliere
2152 2650 2322 2708 nasei

245 2756 444 2828 debet,
489 2756 612 2815 ista
657 2774 814 2815 nuno
863 2757 1177 2815 sufficiant.
1231 2751 1377 2815 Bos.
1429 2754 1625 2813 Valde
1668 2755 1917 2826 pulcrae
1959 2759 2020 2811 et
2054 2753 2319 2811 rationa-

243 2864 396 2922 biles
444 2867 586 2919 sunt
627 2862 785 2920 istae
829 2862 1126 2934 picturae.

416 3046 554 3115 IX.
597 3043 760 3110 Am.
805 3050 979 3109 Nunc
1023 3065 1255 3123 quoque
1301 3047 1708 3121 quaerendum
1756 3052 1865 3115 est,
1914 3047 1976 3103 in
2024 3062 2141 3117 qua
2186 3061 2320 3117 per-

245 3176 393 3217 sona
443 3157 610 3228 deuS,
659 3155 761 3228 qui
794 3159 887 3211 est
916 3159 1043 3211 tres
1074 3167 1393 3225 personae,
1440 3150 1734 3208 hominem
1767 3152 2054 3207 assumat.
2101 3147 2322 3204 Plures

247 3263 403 3321 enim
471 3274 769 3332 personae
831 3261 1135 3329 nequeunt
1194 3270 1374 3312 unum
1440 3253 1807 3325 eundemque
1868 3250 2161 3308 hominem
2227 3266 2320 3306 as-

247 3380 484 3423 sumere
528 3363 593 3419 in
637 3362 931 3419 unitatem
962 3375 1275 3433 personae.
1324 3357 1524 3428 Quare
1555 3358 1618 3414 in
1648 3372 1768 3414 una
1800 3359 2034 3413 tantum
2063 3368 2322 3426 persona

245 3469 356 3527 hoc
399 3467 534 3525 fieri
578 3481 826 3523 neeesse
873 3469 983 3521 est.
1055 3462 1173 3521 Sed
1220 3462 1293 3519 de
1339 3462 1454 3519 hae
1497 3461 1731 3518 unitate
1777 3474 2073 3532 personae
2122 3456 2218 3514 dei
2265 3462 2326 3513 et

393 3712 408 3745 ¹
431 3707 548 3762 Cfr.
589 3706 634 3774 1,
669 3706 720 3759 4.
