2775 4400
753 320 908 379 CUR
955 321 1162 380 DEUS
1207 320 1454 379 HOMO;
1501 321 1551 379 I.
1600 341 1774 380 xv111.
2212 327 2287 379 37

221 503 515 574 perisset,
575 502 840 559 homines
900 503 1102 561 tamen
1164 504 1227 561 in
1286 504 1536 562 caelesti
1592 504 1839 562 civitate
1886 521 2054 562 suum
2097 505 2293 564 locum

221 606 590 666 habuissent.
667 605 951 678 Sequitur
1019 608 1259 679 itaque,
1331 609 1473 679 quia
1541 608 1603 665 in
1674 608 1909 680 angelis
1970 614 2293 682 antequam

221 711 466 782 quidam
510 711 748 800 illorum
793 710 1099 782 caderent,
1148 728 1263 769 non
1313 717 1448 768 erat
1491 711 1596 768 ille
1635 712 1944 784 perfectus
1975 729 2289 785 numerus3

221 814 488 886 alioquin
547 830 792 872 necesse
855 819 1022 886 erat,
1085 819 1152 871 ut
1209 819 1318 872 aut
1376 815 1644 872 homines
1704 821 1810 872 aut
1854 816 2059 888 angeli
2106 816 2293 888 aliqui

217 1037 464 1078 manere
510 1027 773 1094 poterat.
830 1015 984 1080 Bos.
1033 1021 1320 1079 Nonnihil
1367 1021 1638 1079 effecisti.
1696 1013 1856 1081 Ans.
1905 1022 2018 1080 Est
2064 1027 2126 1078 et
2170 1023 2293 1080 alia

217 1125 410 1196 ratio,
477 1130 547 1182 ut
603 1125 748 1182 mihi
806 1125 1084 1196 videtur,
1149 1142 1300 1197 quae
1359 1142 1476 1182 non
1522 1142 1736 1196 parum
1782 1125 2156 1197 suffragatur
2201 1124 2291 1182 illi

220 1229 578 1300 sententiae,
629 1245 782 1300 quae
830 1229 1080 1301 angelos
1110 1213 1227 1286 non
1259 1245 1391 1286 esse
1424 1229 1621 1304 factos
1652 1229 1714 1286 in
1746 1229 2015 1300 perfecto
2050 1245 2291 1286 numero

218 1332 546 1390 existimat.
594 1326 748 1392 Boe.
797 1333 912 1390 Dic
955 1333 1140 1390 illam.
1189 1325 1348 1391 Ana
1396 1331 1462 1390 Si
1508 1333 1715 1404 angeli
1761 1333 1821 1389 in
1868 1333 1971 1389 illo
2017 1331 2289 1404 perfecto

219 1451 463 1493 numero
523 1435 675 1494 facti
737 1441 908 1507 sunt,
972 1443 1034 1494 et
1091 1436 1437 1494 nullatenus
1483 1436 1636 1494 facti
1682 1442 1823 1493 sunt
1864 1435 2130 1493 homines
2176 1436 2292 1492 nisi

217 1556 325 1610 pro
371 1540 826 1599 restauratione
872 1540 1244 1612 perditorum
1293 1540 1681 1612 angelorum,
1729 1538 1931 1611 palam
1978 1544 2103 1610 est,
2153 1540 2293 1611 quia

218 1643 333 1700 nisi
379 1643 588 1716 angeli
633 1644 707 1700 ab
742 1643 848 1700 illa
879 1643 1258 1701 beatitudine
1292 1642 1669 1714 cecidissent,
1715 1644 1981 1701 homines
2013 1643 2091 1700 ad
2124 1643 2291 1700 illam

217 1763 331 1804 non
395 1747 814 1805 ascenderent.
884 1742 1038 1806 Bos,
1109 1747 1239 1804 Hoc
1295 1752 1551 1804 constat.
1621 1740 1782 1805 Ans.
1854 1746 1919 1805 Si
1965 1748 2098 1819 quis
2147 1763 2292 1818 ergo

219 1851 461 1924 dixerit,
510 1851 650 1923 quia
698 1857 929 1909 tantum
974 1851 1368 1909 laetabuntur
1417 1850 1594 1908 electi
1634 1851 1901 1909 homines
1946 1851 2018 1908 de
2050 1851 2291 1923 angelo-

215 1970 345 2012 rum
405 1955 782 2028 perditione,
847 1961 1133 2027 quantum
1189 1955 1542 2026 gaudebunt
1588 1954 1661 2011 de
1710 1938 1819 2012 sua
1866 1954 2291 2025 assumptione,

219 2060 494 2130 quoniam
557 2060 785 2131 absque
847 2059 1024 2116 dubio
1086 2059 1237 2116 haec
1293 2073 1411 2116 non
1472 2063 1633 2116 esset
1692 2058 1808 2115 nisi
1867 2057 1975 2114 illa
2035 2057 2285 2115 fuisset:

221 2163 510 2235 quomodo
567 2168 856 2236 poterunt
915 2164 990 2221 ab
1037 2163 1154 2221 hac
1197 2179 1490 2236 perversa
1538 2162 1951 2235 gratulatione
2000 2161 2291 2221 defendi?

219 2273 323 2324 aut
367 2268 660 2340 quomodo
709 2268 971 2325 dicemus
1013 2267 1265 2338 angelos
1317 2268 1419 2339 qui
1452 2266 1816 2337 ceciderunt,
1865 2267 1925 2324 in
1958 2267 2294 2325 hominibus

218 2376 633 2443 restauratos,
699 2372 749 2428 si
809 2371 902 2429 illi
963 2372 1090 2430 sine
1151 2370 1262 2428 hoc
1322 2371 1477 2430 vicio
1534 2371 1913 2443 permansuri
1970 2376 2178 2442 eran-t,
2242 2372 2293 2427 si

116 2524 118 2529 .
219 2489 333 2531 non
380 2474 764 2545 cecidissent,
812 2474 872 2531 id
921 2480 1032 2545 est,
1079 2473 1211 2531 sine
1254 2473 1666 2545 gratulatione
1715 2474 1788 2530 de
1836 2489 1976 2531 casu
2010 2473 2289 2544 aliorum,

219 2576 319 2634 isti
363 2594 510 2637 vero
556 2577 684 2635 sine
729 2578 832 2635 illo
881 2594 1011 2634 esse
1057 2593 1175 2634 non
1219 2579 1551 2649 poterunt?
1606 2576 1791 2633 Immo
1849 2576 2109 2647 qualiter
2165 2592 2294 2632 cum

219 2678 328 2738 hoc
386 2681 546 2740 vicio
607 2682 772 2738 beati
835 2697 966 2738 esse
1023 2681 1372 2738 debebunt?
1448 2680 1681 2737 Deinde
1738 2696 1855 2751 qua
1902 2679 2161 2737 audacia
2209 2679 2292 2736 di-

255 2799 437 2857 emus,
487 2784 662 2842 deum
707 2802 824 2842 non
870 2784 1049 2856 velle,
1097 2791 1205 2842 aut
1249 2799 1364 2841 non
1397 2800 1572 2855 posse
1603 2784 1759 2841 hanc
1789 2783 2295 2841 restaurationem

251 2887 346 2945 ine
391 2888 504 2945 hoc
548 2888 702 2945 vicio
749 2887 1000 2945 facere?
1065 2882 1218 2947 Boe.
1273 2888 1485 2947 Nonne
1532 2887 1809 2945 similiter
1857 2892 1946 2944 est
1994 2888 2055 2943 in
2102 2889 2291 2959 genti-

262 3006 328 3048 us
374 3007 530 3064 quae
577 2991 654 3048 ad
698 2991 873 3049 fidem
919 2996 1174 3049 vocatae
1221 2992 1571 3063 sunt,'quia
1617 2991 1779 3049 illam
1814 2990 2029 3048 Iudaei
2061 2992 2293 3063 repule-

254 3098 404 3153 unt?
453 3086 614 3153 Ans.
663 3094 828 3165 Non3
877 3110 1015 3153 nam
1047 3096 1098 3151 si
1128 3094 1344 3153 Iudaei
1377 3111 1579 3152 omnes
1614 3094 2033 3165 credidissent,
2082 3099 2295 3165 gentes

287 3214 421 3255 men
468 3203 866 3270 vocarentur,
933 3199 1072 3270 quia
1119 3196 1192 3257 in
1240 3196 1416 3257 omni
1457 3203 1671 3273 qente,
1732 3196 1845 3277 qui
1890 3195 2063 3255 timet
2110 3191 2297 3254 deum

339 3307 649 3381 operatur
694 3300 1060 3374 iusticiam,
1123 3308 1429 3381 acceptus
1474 3307 1566 3360 est
1610 3298 1717 3359 illi
1740 3296 1777 3357 ¹.
1854 3299 1971 3358 Sed
2019 3300 2296 3371 quoniam

299 3403 436 3462 daei
491 3390 796 3477 apostolos
845 3411 1365 3477 contempserunt,
1432 3422 1503 3462 ea
1549 3410 1692 3462 tunc
1738 3404 1856 3461 fuit
1901 3403 2165 3473 occasi0‚
2230 3408 2304 3459 ut

370 3728 550 3781 ¹Acta
590 3728 789 3794 Apost.
828 3729 908 3795 10,
948 3730 1032 3783 35.

221 917 543 989 caderent,
618 919 893 990 qnoniam
957 923 1132 976 extra
1193 935 1500 976 numerum
1561 918 1895 991 perfectum
1952 919 2293 976 ibi.nullus
2352 932 2375 948 ¹·
