2775 4400
449 275 532 330 80
1306 271 1669 330 ANSELMI

451 454 608 512 dixit
655 469 784 511 esse
832 469 1058 524 verum,
1107 459 1215 512 aut
1261 453 1418 525 quod
1449 454 1599 512 fecit
1626 454 2078 514 rationabiliter
2111 471 2242 512 esse
2276 455 2533 528 factum,

452 557 679 615 dubito.
757 555 876 615 Sed
921 557 1033 614 hoc
1075 555 1348 628 postule,
1408 564 1476 615 ut
1522 558 1677 630 quod
1726 559 1898 630 quasi
1943 575 2060 615 non
2109 558 2365 631 debere,
2423 567 2539 617 aut

447 677 566 718 non
625 676 803 732 posse
863 660 995 717 fieri
1040 660 1284 717 videtur
1328 660 1670 718 infidelibus
1716 662 1778 718 in
1822 661 1940 718 fide
1987 661 2355 734 christiana,
2418 662 2537 720 hoc

447 763 595 821 mihi
640 780 758 835 qua
802 765 1040 822 ratione
1084 763 1217 821 fieri
1262 760 1514 835 debeat,
1578 773 1687 822 aut
1730 765 1924 837 possit
1969 766 2247 838 aperiaS,
2298 782 2417 822 non
2463 770 2536 823 ut

447 883 541 924 me
600 868 664 924 in
717 867 834 925 fide
881 868 1224 938 confirmeS,
1289 868 1397 925 sed
1441 873 1511 925 ut
1556 869 1965 926 confirmatum
2010 868 2291 926 veritatis
2335 868 2535 941 ipsius

447 969 764 1028 intellectu
807 969 1102 1028 laetifices
1127 965 1166 1027 ¹.

623 1151 829 1222 XVI.
875 1159 1259 1233 Quapropter
1305 1161 1463 1218 sicut
1509 1176 1711 1218 eorum
1758 1176 1912 1232 quae
1959 1176 2143 1232 supra
2191 1158 2355 1216 dicta
2389 1165 2535 1216 sunt

446 1264 742 1322 rationem
805 1264 1135 1336 aperuisti,
1200 1265 1286 1322 sic
1345 1270 1524 1337 pet0,
1584 1268 1651 1321 ut
1712 1280 1911 1321 eorum
1960 1280 2113 1336 quae
2160 1279 2285 1319 sum
2332 1262 2534 1320 adhuc

449 1367 837 1438 quaesiturus
895 1368 1191 1424 rationem
1239 1367 1543 1425 ostendas,
1619 1367 1884 1424 Primum
1929 1367 2193 1438 scilicet,
2262 1366 2533 1438 qualiter

447 1470 525 1526 de
571 1487 772 1528 massa
818 1471 1177 1542 peccatrice,
1224 1471 1288 1527 id
1336 1477 1430 1528 est
1473 1472 1555 1528 de·
1593 1471 1850 1528 humano
1892 1487 2115 1542 genere
2148 1469 2304 1542 quod
2334 1475 2532 1527 totum

445 1573 737 1631 infectum
783 1579 919 1631 erat
956 1580 1228 1646 peccat0,
1275 1573 1570 1631 hominem
1604 1575 1733 1631 sine
1764 1581 2014 1647 peccato
2048 1573 2221 1646 quasi
2250 1589 2533 1645 azymum

450 1676 525 1733 de
587 1676 950 1734 fermentato
1015 1677 1161 1734 deus
1223 1677 1566 1750 assumpsit.
1651 1678 1807 1735 Nam
1865 1676 2011 1735 licet
2074 1677 2209 1748 ipsa
2270 1675 2533 1732 hominis

445 1778 714 1837 eiusdem
779 1782 1086 1853 conceptio
1146 1781 1368 1839 munda
1430 1782 1511 1838 sit
1574 1787 1635 1838 et
1680 1782 1906 1853 absque
1953 1780 2219 1838 carnalis
2265 1779 2530 1837 delecta-

446 1884 632 1941 tionis
676 1890 963 1957 peccatO,
1020 1885 1196 1958 virgo
1243 1890 1447 1942 tamen
1491 1886 1627 1957 ipsa
1673 1885 1830 1942 unde
1877 1889 2223 1956 assumptus
2269 1889 2395 1953 est,
2452 1881 2533 1942 in

447 1984 914 2067 iniquitatibus
972 1994 1276 2070 concepta
1332 1994 1425 2047 est
1484 1994 1543 2048 et
1596 1987 1669 2046 in
1711 1985 2005 2068 peccatis
2050 1984 2338 2066 concepit
2384 2004 2531 2046 eam

445 2097 652 2149 mater
714 2087 898 2150 eius²
954 2098 1016 2148 et
1061 2109 1190 2150 cum
1237 2092 1523 2163 originali
1568 2098 1818 2164 peccato
1863 2096 2011 2148 nata
2060 2097 2183 2163 est,
2248 2090 2533 2163 quoniam
2590 2106 2599 2112 ·

447 2203 511 2252 et
565 2196 702 2269 ipsa
767 2198 830 2253 in
873 2196 1068 2254 Adam
1113 2198 1427 2270 peccavit,
1490 2194 1563 2255 in
1609 2214 1731 2276 quo
1779 2214 1991 2255 omnes
2022 2202 2463 2276 peccaverunt
2482 2189 2528 2253 ³.

447 2292 608 2357 Ans.
655 2299 988 2371 Postquam
1035 2305 1273 2358 constat
1316 2299 1608 2358 hominem
1641 2298 1807 2357 illum
1842 2299 2014 2357 deum
2048 2304 2109 2356 et
2138 2304 2534 2372 peccatorum

445 2419 581 2460 esse
640 2403 1190 2475 reconciliatorem,
1270 2403 1511 2460 dubium
1571 2419 1689 2460 non
1751 2409 1844 2459 est
1904 2419 2035 2460 eum
2098 2403 2331 2460 omnino
2394 2403 2533 2461 sine

442 2514 697 2580 peccato
774 2524 937 2579 esse3
1015 2508 1126 2565 hoc
1201 2512 1403 2565 autem
1474 2523 1607 2564 esse
1666 2522 1785 2564 non
1845 2506 2043 2578 valet,
2120 2508 2236 2563 nisi
2296 2507 2533 2578 absque

443 2618 696 2684 peccato
745 2613 817 2670 de
863 2626 1064 2669 massa
1108 2611 1449 2684 peccatrice
1496 2611 1577 2667 sit
1622 2614 1981 2683 assumptus,
2028 2610 2189 2681 'Qua
2233 2626 2379 2668 vero
2425 2627 2529 2668 ra-

445 2717 610 2772 tione
673 2716 975 2786 sapientia
1031 2714 1127 2771 dei
1171 2714 1282 2772 hoc
1326 2714 1475 2772 fecit
1520 2714 1571 2770 si
1615 2730 1733 2771 non
1777 2730 2091 2787 possumus
2134 2712 2525 2787 intellegere,

445 2834 563 2875 non
612 2818 892 2875 debemus
939 2818 1166 2889 mirari,
1215 2818 1321 2875 sed
1363 2835 1493 2876 cum
1534 2818 1925 2876 veneratione
1955 2818 2242 2889 tolerare,
2289 2817 2529 2889 aliquid

447 2936 581 2977 esse
627 2921 691 2977 in
737 2922 990 2978 secretis
1035 2926 1245 2979 tantae
1291 2922 1383 2979 rei
1432 2921 1587 2993 quod
1633 2922 1996 2994 ignoremus
2068 2920 2299 2993 Quippe
2344 2921 2529 2979 mira-

444 3023 628 3081 bilius
675 3023 820 3081 deus
866 3025 1242 3082 restauravit
1284 3025 1603 3083 humanam
1647 3012 1949 3096 naturam,
1999 3040 2175 3096 quam
2218 3025 2528 3081 instaura-

445 3128 570 3198 vit,
634 3127 974 3199 aequaliter
1036 3128 1191 3185 enim
1235 3134 1554 3201 utrumque
1602 3129 1712 3185 deo
1760 3128 1938 3185 facile
1988 3133 2111 3198 est3
2192 3127 2298 3184 sed
2342 3127 2526 3185 homo

445 3236 589 3287 ante
637 3248 811 3303 quam
859 3236 1042 3306 esset,
1088 3249 1206 3289 non
1250 3232 1530 3304 peccavit
1574 3239 1640 3288 ut
1684 3232 1815 3288 fieri
1861 3247 1977 3288 non
2026 3231 2293 3288 deberet.
2347 3229 2529 3287 Post·

445 3350 624 3405 quam
694 3350 836 3392 vero
898 3334 1098 3392 factus
1160 3340 1283 3406 est,
1343 3334 1648 3407 peccando
1708 3335 1959 3407 meruit,
2023 3340 2089 3391 ut
2135 3333 2287 3405 quod
2337 3340 2400 3391 et
2443 3335 2531 3393 ad

446 3437 603 3509 quod
649 3437 848 3495 factus
897 3444 1032 3495 erat
1074 3438 1395 3511 perderet:
1447 3439 1717 3511 quamvis
1758 3454 1875 3495 non
1914 3438 2254 3511 perdiderit
2286 3440 2531 3497 omnino

596 3678 743 3732 ¹Cf1·.
784 3680 827 3747 I,
868 3682 912 3733 1.
951 3682 1034 3735 25.
1075 3713 1137 3719 —-
1181 3681 1421 3734 ‘Psalm
1459 3681 1543 3749 50,
1582 3683 1634 3736 7.
1672 3713 1736 3719 —-
1778 3682 1976 3735 ³Rom.
2013 3684 2063 3749 5,
2103 3683 2186 3737 12.
