2775 4400
462 283 539 336 86
1317 277 1679 337 ANSELMI

458 481 695 538 luntate
740 485 810 537 ut
853 485 1207 551 moreretur,
1254 480 1479 552 probas
1512 480 1762 538 eundem
1793 480 2084 538 hominem
2114 497 2230 538 non
2262 482 2571 553 potuisse

460 601 588 641 non·
620 584 789 641 mori.
861 577 1013 642 Bos.
1071 583 1170 640 Ita
1215 583 1525 655 intellego.
1597 577 1757 642 Ans.
1804 584 1899 640 An
1944 601 2063 642 non
2107 584 2397 642 similiter
2450 601 2568 657 ap-

457 688 667 760 paruit
731 702 805 743 ex
863 686 956 743 his
1021 702 1174 758 quae
1231 686 1395 744 dicta
1450 692 1619 757 sunt,
1681 686 1867 744 filium
1914 687 2010 745 dei
2056 693 2118 744 et
2162 693 2569 764 assumptum

458 791 751 848 hominem
796 807 975 847 unam
1021 805 1152 846 esse
1196 806 1551 861 personam,
1600 795 1667 847 ut
1710 790 1869 847 idem
1914 791 1995 847 sit
2040 790 2187 848 deus
2232 797 2295 847 et
2339 791 2566 864 home,

458 893 616 951 filius
664 894 760 951 dei
807 899 869 950 et
911 893 1072 950 filius
1117 894 1421 965 virginis?
1468 888 1624 952 Bos·
1671 892 1770 951 Sic
1816 899 1928 950 est.
1976 886 2137 952 Ans,
2182 894 2355 951 Idem
2396 911 2567 967 ergo

457 997 628 1056 homo
689 1014 799 1055 sua
859 997 1174 1056 voluntate
1233 1013 1348 1054 non
1396 997 1596 1068 potuit
1640 1013 1757 1054 non
1800 998 1951 1054 mori
1998 1004 2059 1054 et
2102 1001 2379 1055 mortuus
2436 1003 2564 1055 est.

459 1095 613 1160 Bos.
683 1100 928 1172 Negare
989 1117 1236 1172 nequeo.
1313 1089 1499 1158 Ans(
1539 1100 1827 1170 Quoniam
1888 1117 2033 1172 ergo
2092 1101 2381 1158 voluntas
2455 1101 2567 1158 dei

458 1204 626 1261 nulla
671 1205 1037 1261 necessitate
1084 1203 1238 1262 facit
1283 1204 1547 1275 aliquid,
1614 1205 1719 1262 sed
1767 1220 1876 1261 sua
1921 1209 2261 1276 potestate,
2326 1209 2397 1262 et
2453 1221 2562 1262 vo-

457 1307 662 1365 luntas
721 1308 886 1365 illius
943 1307 1064 1364 fuit
1122 1307 1403 1365 voluntas
1450 1307 1581 1378 dei,
1642 1307 1809 1365 nulla
1854 1308 2217 1366 necessitate
2261 1315 2562 1366 mortuus

459 1417 585 1482 est,
635 1412 742 1469 sed
788 1412 916 1468 sola
964 1427 1074 1468 sua
1118 1417 1451 1483 potestate.
1521 1406 1676 1471 Bos.
1725 1411 2369 1483 Argumentationibus
2420 1412 2561 1468 tuis

459 1515 707 1573 obviare
768 1531 1030 1586 neque0‚
1093 1531 1229 1572 nam
1290 1532 1401 1572 nec
1459 1515 1900 1587 propositiones
1961 1531 2109 1586 quas
2167 1515 2555 1586 praemittiS‚

457 1635 568 1676 nec
628 1619 1088 1690 consequentias
1143 1635 1294 1691 quas
1346 1619 1573 1690 inferS,
1635 1619 1940 1690 ullatenus
1983 1619 2287 1676 infirmare
2334 1618 2552 1676 vale0.

459 1721 577 1779 Sed
640 1727 841 1779 tamen
902 1722 1013 1780 hoc
1073 1723 1218 1780 mihi
1273 1739 1508 1795 semper
1564 1723 1825 1781 occurrit
1870 1715 2025 1795 q'uod
2074 1721 2230 1794 dixi,
2292 1722 2445 1794 quia
2498 1721 2554 1778 si

459 1825 645 1884 vellet
701 1843 819 1883 non
877 1827 1060 1896 mori,
1131 1843 1248 1884 non
1308 1828 1505 1898 magis
1549 1826 1661 1884 hoc
1704 1833 1942 1899 posset,
2014 1843 2187 1897 quam
2234 1841 2353 1882 non
2403 1841 2553 1882 esse

458 1929 614 2002 quod
662 1935 828 2001 erat3
898 1947 1042 1988 vere
1090 1947 1346 2003 namque
1390 1931 1715 1987 moriturus
1763 1935 1915 2001 erat,
1966 1929 2240 2001 quoniam
2288 1929 2341 1985 si
2390 1943 2549 1988 vere

457 2049 571 2089 non
619 2033 839 2090 fuisset
882 2035 1227 2106 morituruS‚
1274 2051 1393 2092 non
1439 2034 1659 2092 fuisset
1687 2049 1836 2092 vera
1865 2033 2013 2090 fides
2043 2033 2289 2090 futurae
2319 2033 2551 2090 mortis

367 2198 376 2203 ,
458 2136 620 2208 eine,
681 2153 792 2209 per
847 2154 1022 2209 quam
1070 2144 1131 2194 et
1174 2137 1283 2196 illa
1331 2139 1505 2210 virgo
1555 2138 1627 2195 de
1674 2154 1791 2210 qua
1836 2143 2015 2194 natus
2064 2141 2190 2209 est,
2254 2141 2315 2193 et
2358 2135 2545 2193 multi

457 2239 564 2297 alii
624 2241 895 2308 mundati
955 2247 1096 2298 sunt
1156 2259 1192 2299 a
1257 2247 1526 2315 peccato.
1603 2242 1758 2300 Nam
1821 2242 1871 2299 si
1935 2258 2081 2299 vera
2126 2258 2241 2298 non
2288 2240 2542 2311 fuisset,

457 2344 607 2401 nihil
663 2344 950 2417 prodesse
1012 2346 1325 2418 potuisset.
1404 2345 1785 2419 Quapropter
1844 2346 1895 2402 si
1953 2345 2152 2418 potuit
2195 2360 2313 2401 non
2358 2344 2540 2414 mori,

455 2449 655 2520 potuit
721 2451 927 2507 facere
994 2465 1107 2507 non
1179 2465 1313 2507 esse
1382 2466 1593 2507 verum
1660 2449 1814 2522 quod
1873 2465 2079 2507 verum
2142 2454 2294 2506 erat.
2365 2441 2537 2507 Ans.

456 2551 653 2621 Quare
713 2570 920 2611 verum
981 2558 1117 2611 erat
1178 2559 1320 2611 ante
1366 2570 1541 2626 quam
1585 2560 1954 2623 moreretur,
2019 2552 2159 2624 quia
2203 2551 2540 2609 moriturus

458 2660 634 2713 erat?
709 2651 865 2716 Bos.
923 2656 1212 2728 Quoniam
1258 2657 1368 2715 hoc
1411 2658 1543 2729 ipse
1589 2663 1801 2729 sponte
1846 2656 2037 2715 voluit
2082 2662 2143 2713 et
2185 2655 2537 2713 inmutabili

455 2758 787 2816 voluntate.
864 2753 1027 2818 Ans.
1093 2760 1156 2818 Si
1205 2777 1385 2833 erg0‚
1451 2762 1607 2819 sicut
1652 2760 1835 2831 diciS,
1897 2740 2123 2818 idcirco
2169 2776 2285 2817 non
2329 2759 2538 2832 potuit

454 2877 570 2919 non
632 2863 814 2933 mori,
879 2864 1019 2934 quia
1081 2880 1226 2921 vere
1284 2866 1611 2922 moriturus
1673 2870 1839 2936 erat,
1906 2869 1967 2921 et
2023 2864 2158 2921 ideo
2203 2879 2349 2921 vere
2397 2868 2537 2919 erat

454 2966 817 3038 morituruS‚
883 2966 1031 3038 quia‘
1083 2967 1194 3025 hoc
1252 2969 1385 3040 ipse
1448 2975 1661 3040 sponte
1718 2974 1779 3025 et
1830 2968 2267 3026 inmutabiliter
2314 2966 2531 3035 voluit,

455 3069 729 3141 sequitur
788 3069 955 3126 illum
1017 3086 1132 3127 non
1193 3072 1264 3128 ob
1312 3071 1479 3129 aliud
1525 3088 1641 3129 non
1687 3072 1956 3144 potuisse
2004 3088 2121 3129 non
2165 3071 2351 3141 mori,
2413 3070 2533 3127 nisi

456 3174 595 3245 quia
641 3173 980 3231 inmutabili
1025 3174 1339 3232 voluntate
1384 3176 1579 3233 voluit
1622 3176 1790 3233 mori.
1868 3170 2021 3234 Bos,
2083 3175 2182 3233 Ita
2228 3181 2356 3245 est3
2423 3173 2531 3231 sed

455 3293 842 3350 quaecunque
890 3276 1079 3335 fuerit
1125 3294 1327 3349 causa,
1378 3296 1582 3337 verum
1630 3286 1723 3336 est
1766 3285 1966 3337 tamen
2012 3280 2151 3352 quia
2183 3296 2298 3336 non
2330 3279 2531 3351 potuit

453 3397 569 3437 non
623 3382 773 3438 mori
830 3387 891 3438 et
935 3398 1182 3439 necesse
1227 3383 1347 3439 fuit
1393 3382 1558 3439 illum
1606 3384 1771 3441 mori.
1850 3377 2009 3441 Ans.
2073 3383 2265 3441 Nimis
2310 3383 2529 3440 haeres

453 3484 515 3540 in
584 3484 770 3541 nihilo
834 3491 929 3557 et,
999 3492 1066 3542 ut
1126 3486 1244 3544 dici
1306 3486 1493 3558 solet,
1566 3487 1805 3558 quaeris
1864 3487 2083 3544 nodum
2139 3488 2202 3544 in
2263 3488 2461 3559 scirpo
2486 3482 2523 3542 ¹.

599 3682 748 3737 ¹Cfr.
787 3685 1012 3738 Terent.
1052 3686 1225 3739 Andr.
1266 3686 1334 3754 V,
1369 3688 1422 3740 4.
1457 3688 1541 3741 39.
