2775 4400
307 324 316 332 ,
419 245 574 306 vm
1197 249 1689 314 PRAEFATm.

417 438 616 491 autem
686 433 915 506 legitur
963 465 1034 476 —
1087 433 1132 492 f.
1209 438 1309 494 49.
1375 452 1431 494 a.
1495 435 1784 510 Roberti,
1852 436 2157 509 monachi,
2226 437 2486 498 historia

415 543 562 602 belli
621 545 781 604 sacri
839 545 947 602 sub
994 544 1166 603 finem
1213 545 1443 604 saeculi
1487 545 1786 604 undecimi
1834 547 1899 605 in
1941 551 2167 606 terram
2210 551 2481 606 sanctam

417 656 714 729 suscepti,
778 671 954 728 quam
1014 655 1215 714 scriba
1281 655 1458 714 «lune
1503 655 1597 714 XI
1642 656 1991 716 Decembris
2047 675 2104 716 a.
2162 657 2218 716 d.
2274 663 2475 718 1495»

417 764 698 837 absolvit,
747 763 961 824 deinde
1007 770 1337 838 sequuntur
1363 797 1437 806 —
1470 767 1515 824 f.
1550 771 1629 826 82
1663 784 1721 826 a.
1746 765 2157 842 Anselmiana,
2203 771 2483 830 nimirum

417 875 674 949 epistola
720 875 793 933 de
840 875 1031 935 azimo
1078 879 1140 934 et
1183 876 1569 948 fermentato,
1625 878 1793 937 cuius
1840 878 2075 952 quidem
2124 884 2308 954 caput
2336 879 2479 940 VII.

417 975 618 1058 deest,
680 986 820 1044 libri
867 985 984 1052 Gur
1045 985 1192 1045 deus
1236 986 1408 1046 homo
1452 987 1713 1060 integri,
1781 989 2097 1062 catalogus
2143 983 2479 1063 quindecim

415 1097 667 1157 aliorum
713 1096 981 1156 Anselmi
1023 1096 1346 1170 librorum,
1393 1098 1731 1158 sententiae
1775 1096 2045 1159 Anselmi
2089 1100 2298 1160 variae
2318 1145 2332 1173 ,
2383 1099 2478 1160 de-

414 1207 594 1280 nique
655 1207 910 1281 epistola
972 1206 1046 1266 de
1101 1208 1496 1267 sacramentis
1550 1208 1861 1268 ecclesiae.
1938 1210 2091 1268 Tres
2136 1210 2198 1268 hi
2245 1210 2479 1270 codices

413 1317 608 1376 bonae
669 1322 808 1376 sunt
851 1322 1062 1390 notae,
1123 1316 1231 1377 sed
1278 1316 1481 1376 codice
1526 1318 1587 1375 M
1632 1319 2113 1392 praestantiores
2159 1325 2301 1381 sunt
2344 1320 2477 1380 KL.

586 1428 912 1486 Distractis
928 1428 1216 1502 exemplis
1234 1427 1519 1486 editionis
1534 1427 1709 1486 huius
1725 1428 1917 1486 libelli
1932 1429 2163 1502 primae
2182 1429 2263 1500 (a.
2289 1435 2362 1489 18
2373 1429 2477 1501 68)

415 1545 478 1597 et
521 1539 776 1600 alterius
820 1538 1072 1612 (1886),
1117 1539 1275 1598 hanc
1318 1539 1564 1598 tertiam
1609 1539 1774 1600 nolui
1820 1541 1948 1598 sine
1996 1540 2133 1598 dote
2177 1541 2241 1598 in
2276 1518 2475 1614 'publi-

416 1669 545 1734 cum
587 1652 852 1725 prodire.
898 1651 1052 1711 Nam
1082 1656 1210 1710 tres
1241 1651 1477 1712 codices
1509 1656 1722 1710 nactus
1756 1668 1882 1711 sum
1914 1651 2172 1711 nondum
2205 1652 2475 1725 collatOS,

415 1780 662 1839 quorum
723 1779 834 1837 ope
894 1768 1020 1822 tum
1063 1768 1290 1822 textum
1340 1763 1696 1837 quibusdam
1740 1763 1890 1822 locis
1913 1809 1927 1836 ,
1989 1768 2113 1822 tum
2158 1765 2478 1842 lectionum

415 1876 782 1936 variantium
829 1875 1123 1936 delectum
1169 1876 1735 1951 reformarepotui.
1799 1877 1931 1935 Duo
1964 1883 2103 1936 sunt
2132 1876 2480 1935 monasterii
2564 1865 2569 1869 “

412 1989 472 2048 S.
501 1987 666 2047 Galli
711 1987 857 2061 (287
908 1994 971 2047 et
1004 1988 1184 2060 801):
1235 2003 1483 2061 quorum
1518 1986 1675 2045 alter
1706 1987 1809 2059 (N)
1842 1994 1935 2046 est
1965 1990 2476 2061 membranaceuS,

411 2101 606 2159 forma
651 2101 1044 2175 quaternaria
1091 2105 1152 2157 et
1197 2098 1437 2157 saeculo
1485 2097 1831 2156 duodecimo
1877 2115 1995 2156 non
2025 2099 2299 2172 inferior,
2348 2116 2479 2158 con-

414 2218 540 2272 stat
617 2220 695 2273 60
764 2209 1043 2287 paginis,
1110 2212 1401 2271 librarius
1472 2215 1671 2270 autem
1729 2210 1891 2269 haud
1951 2228 2094 2270 raro
2150 2212 2481 2271 oscitanter

423 2328 702 2401 scripsit3
737 2327 896 2414 alter
925 2323 1026 2398 (P)
1058 2330 1151 2383 est
1181 2324 1537 2382 chartaceus
1566 2324 1760 2382 forma
1790 2324 2048 2383 maxima
2079 2328 2137 2381 et
2163 2325 2482 2384 miscellus.

412 2442 616 2502 Primo
660 2441 791 2500 loco
836 2439 1066 2511 legitur
1111 2436 1523 2513 compendium
1561 2436 1940 2511 theologicae
1973 2437 2277 2510 veritatiS,
2326 2439 2483 2512 quod

414 2551 738 2611 secundum
805 2550 1306 2625 subscriptionem
1367 2566 1425 2612 a.
1494 2552 1653 2607 1428
1716 2548 1947 2607 finitum
2002 2553 2113 2607 est.
2200 2533 2525 2623 Sequitur*

413 2670 619 2739 noster
678 2665 832 2723 liber
891 2682 952 2737 p.
1017 2665 1352 2722 246-—297
1377 2640 1398 2734 Δ,
1463 2661 1600 2720 dein
1660 2666 1963 2720 tractatus
2006 2662 2064 2719 b.
2114 2662 2364 2721 anselmi
2412 2662 2484 2721 de

411 2777 806 2837 meditatione
851 2774 1282 2849 redemptionis
1327 2779 1554 2845 nostre,
1604 2790 1784 2846 porro
1834 2773 1976 2845 alia,
2024 2761 2177 2845 quae
2223 2774 2374 2839 nihil
2405 2774 2484 2833 ad

415 2906 541 2948 nos.
611 2888 822 2949 Scriba
867 2904 986 2945 non
1031 2886 1159 2943 sine
1204 2885 1591 2944 accuratione
1636 2900 1881 2942 munere
1928 2900 2033 2941 suo
2078 2883 2322 2946 sanctus
2368 2896 2485 2959 est,

417 3003 524 3061 sed
570 3003 757 3062 verba
801 3001 1013 3070 mirum
1045 3004 1330 3072 quantum
1363 2996 1442 3055 ad
1477 2995 1883 3069 compendium
1920 2996 2190 3055 contulit.
2240 2998 2485 3057 Tertius

419 3116 607 3175 codex
637 3110 739 3189 (O)
783 3112 1186 3201 bibliothecae
1235 3114 1329 3183 est
1357 3108 1732 3167 Basileensis
1776 3108 1851 3167 A.
1893 3108 2073 3167 .VII.I
2128 3114 2226 3207 17
2254 3115 2315 3168 et
2343 3112 2483 3169 item

414 3228 736 3289 miscelluS.
761 3225 986 3284 Pr1m1s
1005 3227 1080 3282 37
1117 3197 1283 3281 foliis
1303 3226 1509 3280 noster
1524 3207 1951 3294 legiturliber‚
1970 3222 2077 3279 sed
2095 3202 2484 3296 noninteger,

416 3359 552 3400 nam
599 3339 888 3399 librarius
932 3336 1232 3396 interdum
1279 3314 1657 3394 dormitando
1700 3333 1945 3394 videtur
1988 3336 2323 3408 scripsisse.
2370 3335 2482 3391 Ex-

300 3455 305 3459 ’
415 3454 584 3513 hibet
642 3454 834 3525 igitur
894 3449 1206 3524 prologum
1269 3452 1330 3505 et
1390 3447 1657 3520 capitula
1717 3428 1879 3513 libri⁴
1916 3447 2131 3519 primi,
2192 3446 2300 3503 sed
2343 3444 2485 3505 libri

415 3565 596 3639 primi
616 3534 2480 3645 tantummodomaiorempartemusqueadverbacap.XVIII.:

417 3676 606 3739 immo
653 3674 860 3737 omnis
905 3680 1210 3763 creatum
1255 3669 1332 3733 de
1374 3678 1505 3731 tam
1532 3668 1823 3765 gloriosa
1854 3676 1914 3729 et
1944 3676 2075 3729 tam
2104 3666 2487 3733 admirabili
