2775 4400
829 264 985 324 CUR
1032 264 1240 324 DEUS
1287 263 1536 323 HOMO.
1578 265 1628 322 I.
1676 285 1761 322 lx.
2271 271 2349 323 21

280 449 503 521 quippe
550 449 706 519 quod
750 465 867 506 non
911 447 1027 506 nisi
1068 464 1178 520 per
1208 447 1374 505 illam
1407 453 1656 506 mortem
1688 447 1821 506 fieri
1853 449 2207 520 dispositum
2240 456 2353 521 est,
2412 477 2419 482 ·

280 569 410 609 cum
457 568 568 624 per
613 551 779 609 illam
825 551 912 622 fit,
960 567 1075 609 non
1108 551 1437 624 incongrue
1472 551 1693 610 dicitur
1724 557 1975 624 propter
2005 552 2170 611 illam
2202 553 2351 610 fieri.

279 654 346 714 Si
401 655 557 712 enim
612 654 976 713 intendimus
1022 653 1251 726 aliquid
1297 649 1542 720 facere,
1605 654 1711 712 sed
1755 657 2143 728 proponimus
2189 656 2354 714 aliud

278 774 390 815 nos
442 759 610 830 prius
655 758 927 816 facturos
947 739 966 831 ,
1021 774 1133 830 per
1179 757 1336 829 quod
1382 757 1535 817 illud
1578 757 1717 828 fiat3
1790 775 1918 817 cum
1963 759 2081 817 iam
2128 760 2353 818 factum

281 868 378 919 est
423 861 579 934 quod
625 861 893 919 volumus
937 861 1327 933 praecedere,
1379 858 1431 918 si
1475 861 1543 918 fit
1574 862 1729 933 quod
1760 862 2144 934 intendimus,
2191 871 2357 921 recte

283 964 507 1023 dicitur
558 971 886 1037 propterea
937 964 1102 1035 fieri,
1165 965 1445 1036 quoniam
1491 964 1717 1023 factum
1766 971 1860 1022 est
1903 971 2154 1037 propter
2200 966 2358 1038 quod

183 1092 189 1098 ·
283 1067 712 1139 differebatur3
761 1067 902 1140 quia
948 1085 1066 1126 non
1111 1068 1226 1125 nisi
1269 1084 1379 1140 per
1426 1067 1576 1125 illud
1621 1067 1752 1125 fieri
1801 1067 2154 1140 dispositum
2202 1076 2354 1128 erat.

281 1171 435 1230 Nam
483 1172 534 1228 si
578 1169 841 1242 fluvium,
891 1187 1062 1244 quem
1110 1188 1260 1243 equo
1308 1171 1407 1229 vel
1448 1172 1591 1229 navi
1622 1172 1887 1229 transire
1917 1187 2177 1243 possum,
2224 1190 2357 1245 pro-

283 1291 439 1347 pono
484 1291 576 1332 me
623 1291 742 1332 non
782 1275 899 1333 nisi
932 1276 1074 1333 navi
1105 1275 1525 1345 transiturum,
1576 1275 1889 1332 etidcirco
1923 1274 2133 1333 differo
2164 1281 2353 1334 trans-

285 1395 520 1450 meare,
583 1379 722 1451 quia
757 1379 942 1437 navis
988 1379 1195 1449 abest3
1279 1394 1408 1437 cum
1455 1379 1573 1436 iam
1620 1384 1867 1450 praesto
1916 1385 2009 1436 est
2054 1380 2260 1450 naviS,
2310 1380 2360 1436 si

284 1489 551 1553 transeo,
598 1488 764 1540 recte
812 1482 886 1540 de
929 1498 1022 1539 me
1069 1483 1319 1540 dicitur:
1371 1483 1546 1540 navis
1590 1489 1816 1554 parata
1847 1481 1986 1553 fuit,
2032 1489 2361 1554 propterea

283 1586 592 1644 transivit.
667 1586 752 1643 Et
811 1602 929 1643 non
990 1585 1176 1643 solum
1238 1586 1326 1643 ita
1372 1586 1703 1658 loquimur,
1774 1585 2011 1657 quando
2054 1602 2168 1658 per
2210 1585 2361 1643 illud

287 1689 443 1761 quod
466 1689 856 1761 ‘praecedere
901 1689 1191 1760 volumUS,
1241 1689 1347 1746 sed
1396 1689 1577 1747 etiam
1626 1689 1862 1761 quando
1903 1705 2017 1746 non
2052 1706 2161 1761 per
2190 1689 2360 1759 illud,

287 1793 395 1850 sed
443 1793 851 1850 tantummodo
897 1800 1034 1864 post
1078 1792 1226 1850 illud
1274 1792 1483 1850 facere
1530 1792 1696 1850 aliud
1745 1792 1974 1864 aliquid
2022 1792 2359 1850 statuimus

287 1896 350 1954 Si
397 1897 528 1968 quis
576 1897 728 1954 enim
777 1896 980 1954 differt
1025 1896 1216 1954 cibum
1260 1912 1494 1954 sumere
1535 1902 1880 1968 propterea,
1929 1895 2071 1967 quia
2103 1896 2361 1953 nondum

289 2015 362 2056 ea
406 1999 504 2056 die
549 1999 768 2056 missae
816 1999 1211 2057 celebrationi
1242 1998 1436 2070 affuit,
1484 2003 1733 2070 peracto
1765 1998 1921 2070 quod
1953 1999 2122 2071 prius
2152 1997 2361 2056 facere

289 2102 559 2173 volebat,
607 2119 723 2160 non
769 2103 1096 2174 incongrue
1143 2102 1235 2180 illi
1282 2102 1533 2160 dicitur:
1607 2103 1726 2160 iam
1774 2103 1950 2159 sume'
1986 2102 2178 2159 cibum
2226 2118 2361 2175 pro-

288 2212 536 2279 pterea,
599 2208 739 2279 quia
799 2207 917 2265 iam
975 2207 1178 2265 fecisti
1232 2212 1486 2279 propter
1531 2207 1687 2279 quod
1734 2223 1969 2265 sumere
2017 2206 2363 2263 differebas

290 2310 478 2367 Multo
524 2310 715 2382 igitur
759 2312 952 2384 minus
997 2311 1290 2369 inusitata
1337 2316 1431 2368 est
1475 2311 1730 2381 locuti0,
1782 2327 1910 2368 cum
1958 2308 2231 2367 Christus
2279 2310 2364 2367 di-

293 2414 449 2471 citur
495 2414 801 2471 exaltatus
841 2420 1186 2487 propterea,
1236 2415 1377 2487 quia
1409 2419 1660 2471 mortem
1694 2414 1998 2485 sustinuit,
2045 2430 2159 2484 per
2191 2429 2364 2485 quam

293 2523 354 2574 et
411 2524 550 2589 post
608 2533 783 2589 quam
844 2517 1009 2575 illam
1058 2518 1487 2575 exaltationem
1533 2516 1739 2575 facere
1788 2517 2077 2574 decrevit.
2155 2516 2369 2573 Potest

290 2621 403 2678 hoc
448 2626 510 2678 et
555 2636 623 2677 eo
668 2621 839 2677 modo
884 2620 1182 2693 intellegi,
1231 2637 1344 2691 quo
1392 2619 1550 2677 idem
1599 2620 1869 2677 dominus
1913 2613 2185 2691 legitur¹
2232 2634 2365 2690 pro-

291 2723 512 2788 fecisse
559 2724 862 2795 sapientia
911 2730 972 2781 et
1016 2724 1220 2796 gratia
1268 2723 1431 2795 apud
1480 2722 1671 2794 deum,
1726 2739 1841 2780 non
1889 2723 2030 2794 quia
2077 2722 2165 2779 ita
2212 2728 2366 2792 erat,

292 2826 400 2884 scd
446 2827 586 2899 quia
631 2827 736 2884 ille
783 2828 870 2885 sic
915 2844 978 2884 se
1025 2828 1308 2897 habebat,
1360 2844 1433 2885 ac
1478 2827 1529 2884 si
1575 2826 1665 2885 ita
1699 2831 1876 2883 esset.
1926 2825 2077 2883 Nam
2111 2825 2200 2883 sic
2227 2832 2383 2897 post.

291 2936 540 2988 mortem
588 2931 893 2988 exaltatus
942 2937 1052 3001 est,
1101 2931 1274 3002 quasi
1319 2936 1573 3003 propter
1613 2930 1780 2988 illam
1821 2930 1933 2987 hoc
1962 2928 2153 2985 fieret.
2202 2927 2371 2999 Quod

293 3040 494 3093 autem
541 3034 670 3106 ipse
718 3035 840 3092 ait:
914 3052 1044 3093 non
1099 3033 1245 3094 veni
1290 3032 1681 3094 voluntatem
1725 3051 1927 3092 meam
1956 3028 2219 3112 facere,
2262 3028 2373 3090 sed

295 3135 456 3209 eius,
493 3136 606 3216 qui
634 3135 812 3196 misit
843 3133 980 3196 me²
996 3156 1021 3213 ,·
1064 3138 1189 3196 tale
1223 3144 1334 3208 est,
1368 3137 1546 3209 quale
1581 3144 1643 3194 et
1674 3135 1855 3194 illud:
1901 3154 2039 3193 mea
2071 3131 2373 3194 doctrina

295 3258 424 3301 non
470 3247 563 3299 est
609 3238 829 3317 mea³;
872 3258 1009 3299 nam
1057 3241 1213 3313 quod
1260 3241 1393 3314 quis
1440 3257 1557 3298 non
1602 3240 1786 3298 habet
1832 3256 1869 3297 a
1900 3255 1983 3306 se,
2032 3237 2137 3295 sed
2170 3254 2205 3296 a
2241 3237 2371 3303 dee,

295 3346 406 3403 hoc
465 3362 581 3404 non
640 3352 764 3403 tam
828 3361 995 3402 suum
1056 3362 1232 3416 quam
1295 3345 1393 3402 dei
1441 3344 1643 3402 dicere
1692 3344 1888 3401 debet.
1966 3341 2183 3399 Nullus
2230 3357 2373 3399 vero

293 3450 466 3516 homo
512 3466 547 3507 a
595 3466 658 3507 se
687 3450 872 3507 habet
903 3450 1223 3507 veritatem
1256 3464 1433 3520 quam
1468 3448 1661 3515 docet,
1710 3453 1817 3505 aut
1846 3447 2066 3503 iustam
2101 3444 2367 3503 volunta-

444 3675 612 3729 ¹Luc.
649 3675 698 3741 2,
735 3675 818 3730 52.
859 3707 922 3713 -·
964 3675 982 3707 ²
1006 3675 1213 3743 Ioh.·6,
1251 3675 1334 3729 38.
1373 3706 1436 3711 ——
1480 3673 1637 3727 3loh.
1677 3674 1727 3740 7,
1766 3674 1847 3727 16.
