2775 4400
758 281 916 340 CUR
961 279 1169 340 DEUS
1216 281 1463 340 HOMO.
1510 281 1595 340 II.
1646 302 1769 342 xv1.
2226 288 2301 342 81

252 465 398 537 quod
442 465 642 522 factus
689 470 842 534 erat,
890 470 959 522 ut
1005 472 1164 522 esset
1210 466 1310 538 qui
1354 465 1695 538 puniretur,
1744 470 1851 524 aut
1892 467 1985 526 cui
2028 469 2175 527 deus
2205 469 2309 526 mi-

251 575 564 640 sereretur,
628 575 906 625 neutrum
953 569 1104 626 enim
1153 569 1362 625 horum
1406 569 1537 625 fieri
1581 576 1805 642 posset,
1855 571 1905 627 si
1952 572 2015 628 in
2060 573 2309 630 nihilum

249 673 524 731 redactus
572 678 750 730 esset.
801 673 999 730 Tanto
1045 688 1191 745 ergo
1237 673 1575 730 mirabilius
1623 673 1770 730 deus
1816 673 1981 732 illum
2023 677 2311 748 restituit,

249 793 417 848 quam
471 776 780 848 instituit,
835 783 1058 848 quanto
1114 777 1225 834 1100
1273 774 1347 833 de
1392 782 1713 848 peccatore
1760 783 1970 836 contra
2014 780 2311 852 meritum,

249 879 390 938 illud
436 896 552 937 non
603 880 676 936 de
721 886 1065 952 peccatore,
1113 895 1222 937 1100
1254 884 1464 937 contra
1496 880 1771 938 meritum
1803 880 1969 939 fecit.
2018 881 2313 952 Quantum

247 985 424 1043 etiam
487 990 582 1040 est
643 983 815 1040 deum
880 989 941 1040 et
996 983 1290 1040 hominem
1351 984 1439 1041 sic
1496 984 1560 1040 in
1609 1000 1784 1041 unum
1834 987 2186 1058 convenire,
2249 995 2317 1045 ut

247 1092 490 1146 servata
550 1088 911 1159 integritate
972 1087 1288 1159 utriusque
1347 1091 1607 1144 naturae
1662 1087 1817 1144 idem
1874 1089 1954 1145 sit
1997 1089 2169 1147 homo
2217 1094 2318 1162 qui

244 1191 407 1248 deus.
488 1190 634 1262 Quis
694 1209 840 1263 ergo
900 1197 1252 1264 praesumat
1309 1189 1408 1250 vel
1454 1191 1761 1262 cogitare,
1825 1192 1981 1263 quod
2026 1193 2317 1253 humanus

241 1296 590 1353 intellectus
635 1295 842 1353 valeat
884 1301 1243 1367 penetrare,
1307 1311 1482 1366 quam
1531 1296 1869 1367 sapienter,
1920 1313 2095 1368 quam
2142 1299 2314 1356 mira·

239 1400 450 1457 biliter
515 1404 636 1456 tam
681 1399 1075 1456 inscrutabile
1122 1414 1272 1470 opus
1317 1398 1544 1455 factum
1592 1399 1715 1454 sit‘?
1784 1393 1938 1458 Bos·
2003 1401 2319 1459 Assentior

240 1503 385 1576 quia
431 1501 634 1560 nullus
678 1489 848 1559 homo
892 1506 1096 1574 potest
1138 1503 1200 1558 in
1245 1501 1359 1558 hac
1404 1503 1532 1560 vita
1562 1507 1797 1559 tantum
1828 1510 2123 1560 secretum
2154 1507 2318 1576 peni-

239 1613 340 1664 tus
389 1606 666 1679 aperire,
712 1622 824 1664 nec
866 1611 1006 1677 peto
1053 1611 1120 1662 ut
1165 1605 1400 1676 faciaS,
1450 1606 1605 1677 quod
1651 1605 1851 1663 nullus
1897 1607 2067 1665 homo
2113 1608 2320 1666 facere

237 1715 468 1783 potest,
519 1709 625 1766 sed
670 1714 906 1766 tantum
954 1714 1238 1780 quantum
1283 1715 1475 1780 potes.
1524 1707 1671 1765 Plus
1720 1711 1871 1767 enim
1919 1711 2319 1783 persuadebis

238 1814 500 1871 altiores
562 1813 621 1869 in
681 1812 796 1870 hac
853 1829 922 1868 re
982 1813 1252 1868 rationes
1306 1812 1534 1882 latere,
1598 1813 1649 1868 si
1696 1811 1958 1884 aliquam
2005 1821 2067 1872 te
2114 1815 2322 1873 videre

239 1917 702 1987 monstraveriS,
752 1931 925 1987 quam
973 1916 1024 1972 si
1072 1921 1130 1972 te
1171 1914 1394 1972 nullam
1439 1916 1503 1972 in
1536 1932 1607 1972 ea
1638 1917 1929 1972 rationem
1964 1917 2323 1990 intellegere

240 2021 398 2078 nihil
445 2018 698 2077 dicendo
742 2019 1118 2091 probaveris
1168 2011 1328 2076 Ans.
1379 2019 1574 2076 Video
1620 2034 1711 2075 me
1759 2019 1834 2076 ab
1882 2015 2323 2092 inportunitate

239 2130 355 2181 tua
415 2140 536 2180 non
593 2139 771 2195 posse
828 2121 1118 2192 liberari,
1182 2123 1286 2179 sed
1350 2123 1404 2179 si
1465 2122 1849 2195 aliquatenus
1910 2128 2121 2195 potero
2169 2125 2325 2196 quod

243 2228 526 2301 postulas
559 2228 896 2297 ostendere,
940 2228 1177 2298 gratias
1207 2243 1462 2298 agamus
1496 2228 1624 2285 deo.
1674 2226 1737 2285 Si
1769 2244 1914 2286 vero
1947 2246 2063 2286 non
2094 2235 2323 2302 potero,

245 2332 553 2389 sufficiant
607 2347 680 2387 ea
727 2347 880 2403 quae
927 2347 1111 2412 supra
1155 2330 1417 2411 probata
1463 2338 1619 2387 sunt.
1700 2330 1839 2388 Cum
1890 2334 2043 2389 enim
2092 2340 2329 2391 constat

250 2435 428 2493 deum
474 2435 767 2491 hominem
813 2434 945 2490 fieri
994 2440 1310 2506 oportere,
1375 2434 1619 2491 dubium
1665 2451 1783 2491 non
1830 2441 1923 2491 est
1968 2437 2325 2508 sapientiam

251 2545 316 2595 et
374 2538 708 2611 potentiam
766 2538 859 2594 illi
917 2554 1034 2594 non
1096 2538 1338 2607 deesse,
1410 2542 1478 2594 ut
1536 2538 1647 2595 hoc
1709 2538 1837 2594 sine
1890 2545 2140 2610 peccato
2198 2539 2323 2597 fiat.

257 2637 408 2701 Bos.
481 2641 582 2699 Sic
624 2624 901 2698 ‘libenter
961 2642 1212 2713 accipio.
1294 2633 1455 2699 Ans.
1528 2640 1812 2713 Oportuit
1857 2642 2063 2713 utique
2110 2648 2178 2699 ut
2220 2642 2329 2701 illa

256 2745 592 2816 redemptio
653 2761 830 2815 (1113111
876 2744 1150 2801 Christus
1203 2744 1386 2815 fecit,
1447 2744 1766 2816 prodesset
1808 2760 1926 2802 non
1973 2745 2160 2802 solum
2206 2744 2331 2803 illis

259 2850 358 2919 qui
421 2864 490 2905 eo
551 2856 820 2920 tempore
881 2847 1156 2917 fuerunt,
1224 2848 1335 2905 sed
1398 2849 1579 2905 etiam
1640 2848 1797 2905 aliis.
1876 2848 1970 2906 Sit
2024 2850 2179 2907 enim
2224 2866 2332 2907 rex

257 2952 500 3024 aliquis,
550 2952 645 3007 0111
689 2958 853 3008 totus
898 2952 1154 3024 populus
1201 2967 1346 3007 suae
1397 2952 1705 3009 cuiusdam
1754 2952 2023 3010 civitatis
2070 2954 2157 3011 sic
2198 2970 2331 3026 pec·

259 3056 442 3125 cavit,
493 3060 744 3126 excepto
786 3070 904 3112 uno
949 3055 1094 3126 solo,
1144 3056 1244 3126 qui
1289 3060 1493 3112 tamen
1539 3062 1632 3112 est
1679 3056 1751 3112 de
1798 3054 2039 3113 illorum
2085 3072 2328 3129 genere,

257 3164 328 3215 ut
387 3157 590 3215 nullus
651 3174 851 3215 eorum
898 3158 1104 3215 facere
1148 3159 1345 3231 possit
1387 3159 1547 3216 unde
1592 3160 1805 3216 mortis
1850 3159 2335 3231 dampnationem

259 3261 519 3319 evadat:
597 3261 701 3317 ille
759 3266 958 3318 autem
1020 3263 1119 3333 qui
1168 3262 1328 3319 solus
1375 3268 1471 3320 est
1514 3264 1831 3333 innocens,
1896 3268 2127 3319 tantam
2175 3263 2335 3335 apud

259 3381 465 3437 regem
513 3359 778 3423 11311031,ι
826 3364 1123 3437 gratiam,
1181 3370 1250 3423 ut
1292 3367 1520 3440 possit,
1570 3373 1631 3422 et
1673 3370 1911 3423 tantam
1956 3365 2337 3423 dilectionem

259 3484 414 3540 erga
459 3484 634 3539 reOS,
700 3474 768 3524 ut
813 3468 962 3526 velit
1009 3485 1209 3526 omnes
1256 3470 1356 3541 (1111
1404 3486 1507 3526 suo
1558 3464 1850 3527 credent²
1900 3470 2182 3540 consilio,
2247 3486 2337 3526 re·

409 3688 424 3719 ¹
449 3684 696 3738 KMNO:
732 3685 928 3739 habet.
969 3716 1032 3723 -—
1077 3686 1258 3739 ²DM:
1297 3688 1634 3740 crederent.
