2775 4400
489 268 568 321 30
1337 235 1699 318 ANSELMI'

659 437 870 507 XIII.
920 437 1080 502 Ans,
1127 443 1291 501 Nihil
1334 444 1528 500 minus
1573 444 1952 518 tolerandum
1996 443 2057 501 in
2090 459 2289 502 rerum
2324 444 2560 515 ordine,

490 565 664 622 quam
709 555 777 606 ut
823 554 1105 606 creatura
1150 548 1413 604 creatori
1460 547 1724 604 debitum
1755 547 2034 604 honorem
2070 546 2316 604 auferat
2347 553 2409 604 et
2439 565 2565 605 non

491 653 688 710 solvat
733 651 887 724 quod
934 650 1154 708 aufert.
1232 645 1385 710 Bos.
1462 650 1593 708 Hoc
1636 651 1787 708 nihil
1834 651 2073 708 clarius.
2152 643 2311 709 Ano.
2391 651 2564 708 Nihil

492 763 692 813 autem
736 755 1018 812 iniustius
1062 753 1392 825 toleratur,
1457 771 1628 826 quam
1677 771 1790 826 quo
1839 754 1987 811 nihil
2032 755 2223 812 minus
2271 761 2365 812 est
2409 756 2561 812 tole-

490 859 761 917 randum.
824 853 976 917 Bos.
1037 857 1245 928 Neque
1288 857 1402 915 hoe
1447 863 1541 914 est
1585 858 1915 915 obscurum.
1976 851 2135 916 Ans.
2183 857 2341 916 Puto
2390 875 2565 930 ergo,

494 963 633 1034 quia
685 979 803 1019 non
850 943 1012 1019 dices
1059 961 1233 1018 deum
1279 961 1500 1018 debere
1545 960 1845 1031 tolerare,
1908 977 2021 1034 quo
2068 961 2215 1019 nihil
2262 963 2571 1020 toleratur

492 1067 809 1136 iniustiuS,
872 1071 940 1121 ut
999 1071 1279 1122 creatura
1339 1081 1455 1122 non
1510 1064 1731 1121 reddat
1774 1064 1884 1122 deo
1932 1066 2101 1137 quod,
2133 1065 2355 1123 aufert.
2405 1060 2567 1126 Bos,

493 1169 678 1226 Immo
736 1168 978 1240 penitus
1040 1167 1380 1239 negandum
1441 1184 1573 1225 esse
1632 1168 1826 1227 video.
1906 1163 2065 1228 Ans.
2142 1169 2295 1227 Item
2352 1171 2404 1250 si
2452 1171 2570 1228 deo

495 1272 644 1329 nihil
686 1272 880 1329 maius
927 1279 1032 1328 aut
1075 1271 1305 1341 111811118,
1368 1271 1518 1329 nihil
1563 1272 1797 1343 111811118,
1847 1289 2025 1345 quam
2070 1273 2349 1331 honorem
2396 1274 2571 1331 illins

497 1370 783 1434 servare¹
847 1376 908 1432 in
951 1391 1152 1432 rerum
1199 1375 1591 1447 dispositione
1636 1391 1860 1434 summa
1906 1376 2183 1448 iusticia,
2248 1394 2401 1450 quae
2449 1396 2571 1436 non

501 1486 592 1537 est
637 1479 802 1537 aliud
848 1495 1023 1551 quam
1068 1479 1198 1552 ipse
1247 1477 1410 1535 deus,
1461 1472 1613 1538 Bos.
1645 1479 1791 1537 -Hoc
1823 1496 2054 1552 quoque
2087 1480 2238 1538 nihil
2270 1483 2569 1554 apertius,

501 1577 658 1642 Ans.
715 1582 880 1640 Nihil
927 1598 1072 1655 ergo
1119 1589 1326 1641 servat
1370 1582 1519 1640 deus
1565 1583 1783 1640 iustius
1829 1600 2003 1656 quam
2052 1601 2198 1642 suae
2245 1585 2573 1657 dignitatis

499 1687 800 1744 honorem.
862 1679 1015 1745 Boe.
1080 1685 1418 1744 Concedere
1464 1703 1556 1744 me
1604 1693 1859 1760 oportet.
1918 1682 2077 1746 Ans.
2128 1688 2385 1746 Videtur
2431 1690 2570 1761 tibi,

503 1790 659 1862 quod
705 1806 836 1847 eum
881 1790 1119 1862 integre
1167 1797 1401 1861 servet,
1452 1791 1503 1847 si
1550 1791 1635 1849 sic
1679 1791 1911 1848 auferri
1960 1792 2075 1849 sibi
2118 1792 2453 1864 permittit,
2503 1800 2572 1850 ut

502 1911 612 1952 1188
658 1895 930 1952 solvatur
973 1910 1084 1952 neo
1128 1893 1258 1966 ipse
1300 1893 1674 1952 auferentem
1705 1896 1963 1967 puniat?
2009 1891 2163 1954 Bos.
2212 1895 2343 1953 Non
2376 1896 2570 1954 audeo

506 1998 723 2056 dicere.
785 1991 944 2055 Ans.
1007 1997 1268 2054 Necesse
1315 2003 1410 2054 est
1454 2014 1619 2070 erg0‚
1667 2005 1735 2055 ut
1780 2003 1887 2056 aut
1934 1998 2177 2056 ablatus
2221 1999 2408 2061 honor
2454 2000 2568 2058 sol-

505 2108 716 2172 vatur,
779 2107 886 2158 aut
946 2116 1141 2172 poena
1203 2106 1522 2172 sequatur3
1603 2101 1871 2173 alioquin
1930 2107 2037 2159 au't
2098 2102 2211 2160 sibi
2256 2103 2374 2175 ipsi
2422 2103 2571 2160 deus

503 2208 697 2263 iustus
743 2220 860 2261 non
907 2205 1040 2273 erit,
1090 2211 1196 2261 aut
1236 2204 1313 2262 ad
1344 2211 1661 2277 utrumque
1694 2205 1970 2278 inpotens
2004 2208 2152 2264 erit:
2206 2206 2361 2279 quod
2394 2206 2571 2265 nefas

509 2314 602 2366 est
659 2307 757 2366 vel
817 2308 1104 2380 cogitare.
1185 2302 1334 2367 Bos.
1411 2308 1578 2366 Nihil
1628 2309 2051 2367 rationabilius
2100 2311 2217 2367 dici
2261 2326 2437 2382 posse
2483 2310 2569 2369 in-

506 2412 749 2485 tellego.

679 2593 892 2664 XIV.-
947 2602 1064 2660 Sed
1126 2602 1258 2659 volo
1306 2618 1342 2659 a
1387 2608 1447 2659 te
1496 2602 1738 2673 audire,
1804 2602 1855 2659 si
1899 2619 2094 2674 poena
2140 2603 2449 2676 peccantis
2495 2606 2578 2663 sit

511 2707 601 2763 illi
659 2707 846 2762 honor
906 2712 1013 2762 aut
1074 2706 1403 2763 cuiusmodi
1459 2706 1646 2763 honor
1706 2706 1801 2761 sit.
1880 2704 1944 2763 Si
2005 2707 2157 2762 enim
2201 2722 2396 2778 poena
2440 2723 2574 2779 peo-

491 2810 706 2867 'cantis
765 2824 881 2864 non
930 2815 1022 2865 est
1068 2809 1194 2864 eius
1240 2808 1459 2879 honor,
1525 2824 1653 2865 oum
1698 2814 1983 2879 peccator
2029 2825 2145 2865 non
2193 2807 2372 2866 solvit
2419 2812 2577 2880 quod

513 2911 797 2981 abstulit,
862 2911 967 2967 sed
1010 2911 1290 2982 punitur,
1354 2912 1440 2967 sio
1484 2911 1689 2983 perdit
1734 2910 1878 2967 deus
1923 2910 2203 2967 honorem
2250 2926 2450 2983 suum,
2509 2922 2578 2972 ut

512 3032 629 3073 non
673 3020 1022 3086 recuperet:
1075 3013 1229 3085 quod
1269 3013 1361 3071 his
1395 3030 1547 3085 quae
1583 3014 1743 3071 dicta
1772 3019 1912 3070 sunt
1940 3029 2286 3085 repugnare
2318 3014 2572 3073 videtur.

516 3112 674 3176 Ans.
750 3118 940 3175 Deum
1000 3117 1350 3189 inpossibile
1415 3126 1505 3173 est.
1564 3117 1846 3174 honorem
1894 3133 2060 3174 suum
2106 3117 2395 3189 perdere:
2473 3128 2576 3178 aut

517 3224 671 3281 8111111
714 3232 996 3295 peccator
1043 3227 1255 3293 sponte
1303 3221 1483 3279 solvit
1528 3221 1683 3293 quod
1717 3221 1933 3293 debety>
1963 3228 2072 3279 aut
2104 3222 2249 3279 deus
2282 3222 2356 3279 ab
2389 3222 2575 3282 invito

517 3327 755 3399 accipit.
803 3324 955 3383 Nam
1001 3331 1109 3382 aut
1150 3325 1321 3382 homo
1364 3324 1631 3398 ‘debitam
1680 3326 2107 3383 subiectionem
2155 3325 2263 3383 deo
2306 3326 2433 3383 sive
2464 3343 2575 3386 non

665 3578 949 3629 ‘servare
999 3576 1084 3644 M3
1138 3576 1340 3644 vulgo:
1400 3593 1587 3645 quam
1638 3592 1793 3646 quae
1842 3578 1897 3631 h.
1948 3577 1984 3630 i.
2025 3579 2252 3645 servat,
2294 3576 2392 3629 sed
2428 3590 2577 3647 quae

519 3662 678 3715 abest
715 3678 747 3715 a
785 3662 906 3715 odd.
