2775 4400
1006 290 1499 352 PRAEFATIO.
2192 288 2288 349 IX

228 476 336 538 sui
405 474 946 538 consummatione
1022 474 1091 548 (f.
1172 480 1250 534 14
1323 493 1360 534 a
1418 475 1462 534 1.
1529 479 1627 533 15.
1690 473 1899 547 Migne
1941 473 2114 532 Patr.
2176 473 2285 532 lat.

229 594 368 649 158.
419 608 467 649 c.
517 593 662 648 386.
709 589 750 648 1.
799 587 900 661 3),
961 588 1265 648 sententia
1320 586 1581 646 nondum
1626 575 1921 661 perfecta.
1999 585 2289 645 Continuo

228 702 437 762 eodem
481 703 545 762 in
586 718 769 763 versu
814 701 1119 762 adduntur
1161 701 1383 762 verba:
1430 695 1698 782 „palam
1740 696 1934 760 etiam
1974 703 2087 778 est,
2134 696 2294 780 quia

226 812 388 876 deus
441 810 531 892 (II
551 859 567 888 ,
632 820 728 874 19.
787 815 896 874 sub
957 812 1157 886 finem)
1210 845 1278 856 -
1331 811 1408 873 in
1453 807 1731 872 saecula.
1804 804 2010 872 Amen
2053 809 2293 886 (quibus

223 929 383 989 liber
425 928 512 987 Π.
575 927 800 987 exitum
856 928 1076 1001 habet,
1136 927 1342 1001 Migne
1396 925 1439 984 1.
1500 925 1543 985 1.
1590 943 1640 985 c.
1690 929 1834 984 429.
1881 923 1925 985 1.
1974 929 2291 984 42—432.

223 1041 265 1100 1.
321 1039 468 1113 16.).
530 1040 700 1100 Haec
753 1041 855 1114 qui
901 1040 1023 1098 sint
1063 1039 1181 1099 huc
1225 1039 1489 1099 traiecta
1534 1055 1721 1111 aegre
1768 1036 2075 1118 expedias.
2122 1014 2294 1096 Folio

223 1169 416 1214 vacuo
475 1153 794 1212 interiecto
853 1153 1141 1227 leguntur
1203 1152 1473 1227 capitula
1530 1151 1674 1210 libri
1731 1151 1818 1210 Π.
1882 1157 1944 1209 et
1999 1150 2156 1209 liber
2206 1149 2291 1209 H.

226 1266 486 1339 integer,
543 1265 836 1340 siquidem
880 1270 1020 1341 post
1061 1282 1120 1326 v.
1166 1260 1365 1325 huius
1407 1262 1513 1325 rei
1559 1261 1692 1324 sint
1731 1243 2061 1341 ‘rationem
2102 1261 2178 1336 (c.
2217 1267 2291 1321 19

227 1377 338 1435 sub
382 1375 509 1450 fin.)
541 1377 764 1436 exitum
793 1377 956 1451 libri,
1009 1377 1110 1452 qui
1139 1377 1203 1436 in
1231 1377 1387 1436 libro
1427 1377 1620 1452 primo
1650 1376 1929 1449 habetur,
1976 1373 2294 1448 adieceris,

227 1505 285 1549 v.
335 1504 382 1547 e.
415 1488 706 1549 Continuo
749 1489 956 1549 eodem
984 1489 1049 1548 in
1078 1505 1261 1550 versu
1291 1494 1625 1563 sequuntur
1652 1489 1875 1550 verba:
1924 1506 2060 1548 esse
2079 1485 2297 1570 parti-

229 1587 433 1685 csz'em
496 1600 983 1664 incar-nationis
1049 1620 1194 1689 cum
1244 1598 1403 1682 filio·
1457 1632 1541 1643 —
1588 1632 1664 1643 —-
1731 1606 1949 1685 aperte
2007 1598 2299 1661 inueniet

229 1713 360 1786 (fol.
422 1719 500 1774 32
563 1714 606 1774 l.
653 1705 940 1774 22—371)
1001 1713 1044 1772 1.
1094 1694 1179 1787 8)',
1243 1731 1398 1789 quae
1443 1732 1519 1774 ex
1559 1715 1718 1774 libro
1747 1713 2018 1774 Anselmi
2064 1713 2137 1772 de
2180 1713 2299 1772 fide

229 1827 526 1885 trinitatis
601 1833 664 1885 et
738 1826 812 1885 de
883 1827 1301 1886 incarnatione
1347 1826 1539 1886 Verbi
1614 1832 1825 1886 contra
1890 1825 2300 1902 blasphemias

233 1938 517 1998 Ruzelini
561 1938 1050 2014 Compendiensis
1094 1943 1235 1998 sunt
1275 1939 1473 2014 petita
1516 1937 1747 2014 (Migne
1790 1938 1832 1998 1.
1877 1939 1920 1998 1.
1968 1956 2017 1998 c.
2066 1943 2209 1998 267.
2256 1937 2298 1997 1.

234 2056 554 2111 40—284.
599 2051 640 2110 1.
695 2049 803 2124 34)
854 2057 917 2110 et
957 2051 1056 2112 hic
1095 2051 1333 2126 quidem
1367 2052 1495 2112 loco
1525 2069 1776 2129 prorsus
1807 2051 2006 2112 alieno
2036 2050 2298 2111 adiecta.

233 2163 510 2225 Ceterum
551 2164 739 2225 codex
779 2169 874 2224 est
907 2164 1262 2225 chartaceus
1287 2169 1350 2225 et
1371 2165 1569 2226 forma
1592 2164 2005 2239 quaternaria,
2038 2163 2305 2241 scriptus

234 2296 290 2336 a.
340 2277 491 2336 dom.
544 2283 704 2337 1391
762 2279 860 2337 «in
905 2278 1206 2337 Wienna»
1233 2324 1247 2352 ,
1307 2280 1465 2337 male
1513 2278 1749 2352 quidem
1796 2282 1859 2336 et
1902 2276 2105 2336 multis
2152 2294 2300 2335 com·

231 2390 491 2463 pendiis.

375 2662 586 2731 Scripsi
627 2662 839 2731 Turici,
881 2661 978 2716 lx.
1017 2660 1290 2715 Calendas
1331 2660 1605 2715 Octobres
1643 2677 1692 2717 a.
1730 2659 2160 2717 MDCCCXCII.

1642 2864 1710 2937 0.
1758 2865 1823 2936 F.
1870 2864 2215 2935 Fritzsche.
