2775 4400
393 273 473 327 74
1249 269 1612 328 ANSELMI

385 468 505 510 non
573 454 693 511 erit
757 454 868 512 boc
936 454 1116 524 dare,
1195 452 1350 525 quod
1420 453 1566 510 deus
1636 454 1711 511 ab
1781 452 1884 510 illo
1948 470 2064 511 non
2125 454 2336 526 exigat
2401 469 2479 510 ex

387 557 624 628 debit03
704 557 892 615 omnis
957 557 1111 614 enim
1171 556 1493 614 rationalis
1557 562 1838 615 creatura
1905 557 2086 614 debet
2128 557 2285 615 hano
2334 557 2475 614 obe·
2538 625 2546 634 ,

391 660 677 718 dientiam
725 661 855 718 deo.
925 655 1080 720 Bos.
1131 659 1258 720 Hoc
1303 661 1521 732 negari
1566 661 1792 732 nequit.
1869 653 2029 718 Ans.
2080 659 2221 719 Alio
2263 661 2479 732 itaque

386 764 560 821 modo
623 769 862 837 oportet
918 770 987 821 ut
1047 758 1273 821 det‘se
1333 765 1529 835 ipsum
1590 764 1734 835 deo,
1798 771 1905 821 aut
1964 763 2195 836 aliquid
2262 763 2339 821 de
2387 780 2478 829 se,

391 861 543 927 Bos.
606 866 702 924 Ad
747 867 858 925 hoo
902 883 1010 924 nos
1056 866 1298 939 inpellit
1339 867 1519 924 ratio.
1598 858 1759 925 Ans.
1816 866 2166 939 VideamuS,
2216 867 2268 924 si
2314 867 2481 925 forte

387 968 500 1028 hoc
547 971 629 1028 sit
675 971 822 1028 dare
868 972 1056 1029 vitam
1103 986 1296 1041 suam,
1355 971 1484 1028 sive
1532 986 1755 1042 ponere
1802 971 2059 1028 animam
2109 987 2299 1042 suam,
2350 971 2483 1029 sive

388 1074 640 1132 tradere
685 1075 945 1146 seipsum
992 1074 1170 1131 morti
1215 1073 1293 1131 ad
1327 1073 1607 1130 honorem
1644 1073 1759 1130 dei.
1809 1071 1940 1130 Hoc
1974 1073 2127 1130 enim
2164 1090 2239 1130 ex
2272 1073 2482 1131 debito

391 1194 510 1235 non
571 1178 776 1250 exiget
837 1178 983 1235 deus
1039 1178 1114 1234 ab
1162 1176 1300 1247 illo;
1381 1177 1659 1249 quoniam
1708 1192 1964 1249 namque
2010 1193 2128 1234 non
2176 1177 2296 1234 erit
2341 1193 2480 1250 peo-

391 1289 591 1339 eatum
635 1283 698 1339 in
744 1281 867 1354 illo,
915 1299 1032 1339 non
1076 1281 1320 1338 debebit
1349 1281 1517 1337 mori.
1560 1281 1717 1337 sieut
1748 1280 2023 1337 diximus,
2072 1275 2227 1338 Bos.
2274 1279 2483 1337 Aliter

393 1401 621 1457 nequeo
666 1385 1047 1456 intellegere.
1125 1376 1286 1443 Ans.
1351 1382 1809 1441 Consideremus
1858 1382 2087 1454 adhuc,
2143 1388 2347 1440 utrum
2395 1384 2484 1441 sio

392 1489 847 1546 rationabiliter
914 1489 1250 1546 conveniat.
1330 1481 1485 1547 Bos.
1558 1486 1673 1544 Dio
1742 1491 1841 1557 tu,
1914 1493 1975 1543 et
2042 1503 2155 1559 ego
2214 1487 2483 1544 libenter

393 1591 655 1649 audiam.
733 1583 894 1650 Ans.
958 1590 1021 1648 Si
1082 1590 1252 1647 homo
1316 1606 1426 1663 per
1489 1591 1851 1649 suavitatem
1897 1590 2209 1662 peccavit,
2280 1606 2482 1647 annon

397 1694 696 1765 convenit,
742 1700 811 1751 ut
854 1711 964 1767 per
1010 1695 1405 1766 asperitatem
1452 1693 1855 1756 satisfaciat?
1894 1693 1975 1750 Et
2022 1694 2073 1750 si
2118 1698 2243 1750 tam
2290 1693 2481 1752 facile

396 1798 592 1856 vietus
646 1803 740 1854 est
783 1815 819 1855 a
870 1798 1144 1869 diabolo,
1215 1803 1283 1854 ut
1330 1797 1503 1855 deum
1550 1796 1855 1870 peccando
1903 1796 2343 1868 exhonoraret,
2414 1803 2484 1854 ut

393 1901 660 1959 facilius·
707 1919 825 1960 non
883 1909 1123 1974 posset,
1199 1917 1395 1958 nonne
1454 1901 1699 1958 iustum·
1740 1906 1866 1971 est,
1942 1905 2011 1956 ut
2069 1899 2241 1957 homo
2304 1901 2479 1958 satis·

393 2001 672 2063 faciens¹
719 2022 828 2077 pro
873 2011 1122 2078 peceato
1169 2013 1344 2062 tanta
1393 2003 1745 2062 difficultate
1792 2004 2001 2062 vincat
2048 2003 2354 2061 diabolum
2402 2004 2483 2064 ad

396 2107 682 2166 honorem
744 2109 872 2179 dei,
935 2115 1002 2165 ut
1061 2109 1276 2166 maiori
1335 2124 1453 2165 non
1498 2108 1739 2180 possit?
1808 2107 2022 2165 Annon
2070 2113 2163 2165 est
2210 2107 2477 2180 dignum,

343 2198 684 2284 ’'⁴'quatinus
754 2196 854 2285 q‘ui
915 2229 979 2269 se
1042 2214 1128 2270 sio
1188 2212 1444 2270 abstulit
1507 2211 1616 2269 deo
1675 2212 2020 2284 peccando,
2090 2216 2159 2268 ut
2219 2228 2284 2269 se
2344 2212 2484 2285 plus

397 2315 646 2373 auferre
693 2332 808 2373 non
852 2321 1078 2388 posset,
1127 2317 1213 2373 sio
1260 2332 1323 2372 se
1372 2316 1476 2373 det
1523 2316 1632 2373 deo
1682 2314 2137 2391 satisfaciend0‚
2186 2321 2251 2373 ut
2284 2317 2483 2388 magis

396 2436 465 2477 se
525 2436 642 2477 non
701 2420 894 2492 possit
955 2420 1146 2477 dare?
1224 2413 1376 2479 Bos.
1442 2416 1573 2477 Non
1622 2426 1715 2476 est
1759 2418 1989 2491 aliquid
2034 2419 2481 2503 rationabilius,

403 2516 564 2583 Ans.
608 2523 776 2586 Nihil
821 2529 1021 2582 autem
1075 2524 1388 2595 asperiUS‚
1440 2530 1547 2580 aut
1593 2522 1892 2580 difficilius
1936 2527 2140 2595 potest
2184 2522 2357 2579 homo
2400 2522 2485 2581 ‘ad

398 2626 680 2685 honorem
746 2627 841 2684 dei
903 2633 1116 2700 sponte
1173 2635 1232 2684 et
1276 2644 1393 2684 nou
1442 2643 1515 2683 ex
1563 2626 1764 2683 debito
1809 2626 1940 2699 pati
1988 2629 2163 2697 quam
2209 2614 2482 2698 mortem,

401 2737 467 2786 et
511 2730 857 2788 nullatenus
903 2730 1162 2802 seipsum
1207 2735 1411 2802 potest
1454 2730 1626 2786 homo
1673 2730 1869 2803 magis
1920 2729 2067 2786 dare
2115 2715 2248 2798 deo,
2307 2746 2485 2801 quam

401 2850 535 2890 oum
595 2850 658 2890 se
719 2833 899 2889 morti
959 2834 1152 2890 tradit
1197 2832 1276 2890 ad
1321 2833 1603 2890 honorem
1649 2833 1836 2890 illius.
1914 2827 2067 2891 Bos.
2131 2831 2297 2889 Vera
2344 2838 2487 2890 sunt

401 2936 601 2993 omnia
645 2936 814 2993 haec.
883 2927 1045 2994 Ans.
1109 2936 1318 2993 Talem
1364 2952 1509 3007 ergo
1558 2940 1798 3008 oportet
1844 2953 1976 2994 eum
2023 2921 2178 3007 esse,
2224 2936 2325 3007 qui
2373 2952 2484 3008 pro

399 3045 654 3111 peccato
700 3038 954 3096 hominis
1001 3039 1358 3096 satisfacere
1406 3039 1588 3110 volet,
1647 3045 1716 3096 ut
1757 3040 1906 3097 mori
1948 3040 2163 3112 possit,
2212 3040 2265 3095 si
2297 3039 2482 3096 velit.

406 3137 559 3203 Bos.
608 3142 799 3200 Video
845 3142 1027 3215 plane
1071 3142 1237 3199 illum
1283 3138 1619 3199 hominem²
1668 3160 1840 3215 quem
1887 3142 2250 3215 quaerimus»,
2289 3141 2486 3200 talem

402 3264 539 3304 esse
586 3252 885 3319 oportere,
934 3248 1034 3319 qui
1078 3264 1188 3305 neo
1236 3264 1310 3303 ex
1355 3247 1720 3304 necessitate
1761 3247 2077 3317 moriatur,
2127 3246 2269 3317 quia
2301 3247 2485 3303 omni-

405 3355 622 3423 potens
683 3350 844 3422 erit,
895 3367 1003 3408 nec
1052 3366 1124 3407 ex
1172 3350 1410 3419 debito,
1474 3350 1614 3421 quia
1661 3366 1960 3421 nunquam
2005 3356 2294 3421 peccator
2342 3350 2482 3420 erit,

404 3458 470 3510 et
513 3454 663 3511 mori
707 3454 902 3525 possit
948 3470 1023 3511 ex
1065 3453 1262 3511 libera
1310 3452 1642 3523 voluntate,
1703 3454 1843 3524 quia
1888 3452 2299 3510 necessarium
2344 3453 2483 3509 erit.

555 3678 634 3730 ¹L
673 3678 743 3732 al.
782 3678 907 3731 add.
946 3678 1072 3732 deo,
1111 3708 1174 3715 —
1216 3678 1338 3731 ²ita
1376 3675 1672 3744 KMNOP3
1709 3675 1805 3728 aL:
1845 3676 1997 3729 hom.
2026 3676 2113 3729 ill.
2133 3676 2347 3745 plane.
