2775 4400
488 281 522 334 2
1071 275 1542 336 PRAEFATIO
1588 276 1969 338 ANSELMI.

487 456 708 520 autem
761 453 934 520 libro
992 453 1328 538 similiter,
1393 454 1585 536 quasi
1628 455 1795 520 nihil
1840 456 2093 522 sciatur
2138 458 2221 522 (16
2269 455 2564 543 Christ0‚

483 568 894 636 monstratur
925 601 932 610 ·
963 583 1094 631 non
1167 564 1381 632 minus
1458 570 1696 648 aperta
1768 565 2028 632 ratione
2104 570 2174 632 et
2242 566 2561 652 veritate,

483 679 793 742 naturam
819 675 1174 741 humanam
1205 677 1292 741 ad
1322 675 1447 742 hoc
1475 676 1857 742 institutam
1888 693 2055 760 esse,
2099 680 2176 741 ut
2199 675 2561 758 aliquando

483 785 966 853 inmortalitate
1019 787 1225 852 beata
1270 790 1453 853 totus
1496 787 1689 852 homo
1706 837 1723 871 ,
1783 787 1854 851 id
1901 791 2005 853 est
2048 786 2117 854 in
2165 805 2439 869 corpore
2487 793 2559 854 et

482 895 594 961 in¹
655 896 876 963 anima
933 895 1306 963 frueretur:
1383 915 1463 963 ac
1506 915 1780 964 necesse
1827 916 1973 964 esse
2017 902 2095 963 ut
2135 898 2265 964 hoc
2306 898 2429 964 fiat
2474 901 2559 966 de

483 1005 776 1091 homine,
851 1010 1126 1089 propter
1187 1008 1360 1088 quod
1419 1006 1643 1074 factus
1705 1011 1845 1092 est,
1924 1009 2043 1074 sed
2084 1026 2217 1074 non
2260 1008 2391 1074 nisi
2432 1027 2557 1090 per

482 1115 806 1182 hominem
867 1119 1092 1201 deum,
1155 1120 1358 1198 atque
1414 1135 1498 1183 ex
1540 1117 1946 1184 necessitate
1992 1118 2210 1184 omnia
2256 1137 2425 1200 quae
2472 1121 2556 1184 (16

485 1226 752 1292 Christo
784 1227 1128 1310 credimuS‚
1176 1225 1322 1292 fieri
1352 1231 1677 1309 oportere.
1730 1227 1925 1294 Hanc
1954 1227 2556 1309 praefatiunculam

485 1355 630 1402 cum
698 1336 1010 1418 capitulis
1040 1336 1279 1403 totius
1342 1337 1561 1419 operis
1620 1357 1843 1404 omnes
1905 1338 2019 1420 qui
2076 1337 2321 1405 librum
2377 1340 2556 1405 hunc

482 1447 971 1513 transscribere
1001 1445 1248 1530 volent,
1284 1451 1443 1513 ante
1476 1447 1616 1514 eius
1647 1448 2039 1531 principium
2069 1453 2147 1515 ut
2174 1449 2559 1534 praefigant

481 1557 778 1640 postulo3
826 1556 1137 1638 quatinus
1167 1557 1237 1622 in
1269 1557 1712 1639 cuiuscunque
1742 1578 1974 1626 manus
2004 1560 2267 1628 venerit
2284 1563 2327 1645 ²,
2364 1560 2557 1642 quasi

481 1668 552 1734 in
596 1668 738 1734 eius
783 1666 1004 1733 fronte
1044 1666 1350 1752 aspiciat,
1401 1667 1459 1734 si
1489 1667 1646 1748 quid
1675 1668 1745 1734 in
1774 1673 1917 1735 toto
1951 1688 2223 1751 corpore
2257 1670 2347 1737 sit
2379 1673 2553 1753 quod

481 1796 613 1844 non
655 1777 1003 1859 despiciat.

629 2037 758 2090 ¹EP
797 2051 899 2090 om.
939 2037 1005 2091 in
1040 2067 1107 2076 —
1149 2037 1370 2090 ²KNP:
1432 2038 1713 2090 evenerit.
