2775 4400
420 267 499 319 56
1259 260 1625 318 AXSELMI

416 452 808 501 veruntamen
865 444 917 499 si
962 443 1062 500 vel
1106 459 1227 500 una
1271 442 1347 499 de
1393 444 1666 500 omnibus
1710 460 1864 515 quas
1905 444 2084 515 posui
2126 444 2512 516 inexpugna-

415 547 525 604 bili
567 548 831 603 veritate
872 548 1198 603 roboratur
1216 590 1232 616 ,
1278 546 1550 603 sufficere
1595 546 1797 603 dehet.
1873 546 2015 604 Sive
2059 563 2319 618 namque
2359 564 2513 618 uu0,

417 651 545 706 sive
589 649 864 721 pluribus
907 649 1283 720 argumentis
1326 650 1561 705 veritas
1605 649 2172 721 inexpugnabiliter
2209 656 2510 707 monstre-

415 760 535 822 tur,
581 752 924 824 aequaliter
967 753 1046 808 ab
1094 749 1253 808 omni
1295 751 1673 809 dubitatione
1717 752 2088 810 defenditur.
2135 747 2295 811 Bos.
2340 753 2513 811 Eece

414 857 505 912 ita
550 864 662 912 est.

586 1035 830 1105 XXV.
876 1043 1176 1114 Quomodo
1233 1060 1380 1116 ergo
1426 1044 1634 1100 salvus
1680 1046 1802 1101 erit
1842 1045 2050 1114 homo,
2114 1046 2168 1101 si
2210 1046 2344 1117 ipse
2390 1063 2510 1104 nee

415 1148 599 1204 solvit
652 1146 809 1218 quod
854 1147 1071 1217 debet,
1131 1164 1244 1204 nee
1287 1147 1520 1204 salvari
1563 1148 1617 1204 si
1660 1165 1778 1204 nou
1824 1149 2009 1205 solvit
2032 1145 2050 1181 ¹
2097 1148 2325 1206 debet?
2394 1157 2509 1207 aut

416 1267 535 1322 qua
579 1250 783 1307 fronte
826 1266 1189 1320 asseremus,
1233 1249 1409 1307 deum
1454 1252 1516 1307 in
1562 1252 1978 1309 misericordia
2019 1252 2273 1309 divitem
2312 1269 2506 1324 supra

414 1354 789 1411 intellectum
832 1353 1151 1410 humanum
1195 1354 1353 1410 haue
1382 1355 1856 1411 misericordiam
1883 1354 2093 1412 facere
2122 1372 2244 1413 non
2272 1373 2454 1427 posse
2472 1361 2502 1412 P

414 1451 576 1515 Ans.
636 1457 769 1514 Hoe
813 1456 999 1513 debes
1044 1458 1121 1513 ab
1165 1457 1290 1513 illis
1333 1474 1491 1514 nunc
1535 1458 1822 1529 exigere,
1886 1459 1989 1529 qui
2032 1458 2337 1516 Christum
2380 1476 2500 1517 non

417 1577 548 1616 esse
595 1559 849 1617 eredunt
885 1561 1293 1617 necessarium
1326 1560 1406 1616 ad
1436 1560 1603 1617 illam
1636 1560 1895 1617 salutem
1923 1561 2198 1630 hominiS,
2247 1578 2502 1633 quorum

414 1664 546 1720 viee
590 1663 889 1734 loqueriS,
937 1669 1004 1718 ut
1047 1662 1275 1732 dicant,
1324 1664 1591 1734 qualiter
1631 1664 1803 1719 homo
1849 1664 2081 1721 salvari
2125 1665 2322 1736 possit
2368 1666 2500 1723 sine

414 1765 671 1824 Christo.
757 1765 926 1835 Quod
986 1766 1039 1821 si
1096 1782 1216 1823 uon
1271 1773 1527 1837 possunt
1584 1766 1708 1823 ullo
1767 1767 1975 1837 modo,
2045 1767 2332 1824 desinant
2388 1786 2502 1826 nos

412 1869 671 1927 irridere
730 1876 794 1926 et
851 1869 1146 1926 accedant
1205 1874 1268 1925 et
1319 1869 1578 1941 iungant
1621 1886 1687 1926 se
1732 1870 1940 1940 nobiS‚
2009 1871 2113 1941 qui
2158 1887 2279 1926 nou
2326 1871 2496 1928 dubi-

411 1982 611 2030 tamus
654 1973 947 2030 homiuem
990 1989 1103 2044 per
1146 1971 1448 2029 Christum
1491 1989 1669 2044 posse
1715 1973 1965 2042 salvari,
2013 1980 2125 2029 aut
2163 1972 2500 2046 desperent

412 2076 523 2133 hoe
565 2076 688 2133 ullo
732 2075 907 2132 modo
950 2075 1083 2132 fieri
1124 2091 1322 2146 posse.
1370 2075 1540 2145 Quod
1585 2077 1637 2131 si
1680 2075 1949 2145 horrent,
1997 2075 2256 2132 eredaut
2296 2077 2498 2134 nobis-

414 2195 544 2237 eum
588 2180 648 2236 iu
695 2178 1015 2249 Christum,
1063 2185 1130 2235 ut
1172 2179 1411 2251 possint
1454 2178 1703 2236 salvari.
1766 2174 1921 2238 Bos.
1968 2179 2025 2236 A
2072 2186 2134 2236 te
2181 2196 2497 2253 quaeram,

413 2284 572 2340 sicut
613 2283 844 2354 incepi,
889 2289 959 2338 ut
1002 2282 1286 2339 ostendas
1330 2284 1509 2353 mihi,
1555 2300 1673 2355 qua
1716 2284 1955 2340 ratione
2001 2284 2277 2341 salvetur
2322 2285 2499 2342 homo

410 2403 523 2459 per
566 2385 884 2443 Christum.
954 2378 1114 2443 Ans.
1162 2385 1372 2442 Nonne
1420 2386 1783 2443 sufficienter
1827 2388 2123 2458 probatur
2165 2404 2281 2459 per
2328 2388 2497 2446 Chri-

411 2498 566 2548 stum
605 2490 899 2547 homiuem
927 2506 1104 2561 posse
1135 2489 1382 2558 salvari,
1428 2506 1559 2546 eum
1591 2490 1773 2546 etiam
1806 2490 2082 2547 infideles
2114 2507 2232 2547 uon
2265 2500 2499 2563 negent

409 2594 702 2651 hominem
747 2593 870 2650 ullo
915 2593 1087 2650 modo
1131 2609 1310 2665 posse
1354 2593 1812 2663 fieribeatum,
1875 2600 1938 2649 et
1981 2594 2135 2650 satis
2182 2599 2497 2653 ostensum

411 2699 509 2766 sit,
558 2698 699 2769 quia
744 2698 795 2755 si
840 2698 1114 2769 ponimus
1160 2696 1459 2753 Christum
1505 2712 1621 2752 nou
1669 2712 1820 2766 esse,
1868 2695 2032 2753 nullo
2071 2696 2245 2753 modo
2285 2704 2497 2770 potest

410 2801 670 2857 inveniri
729 2800 895 2857 salus
939 2800 1238 2856 hominis?
1305 2799 1432 2855 Aut
1477 2800 1631 2855 euim
1674 2816 1788 2871 per
1833 2799 2165 2868 Christum,
2214 2806 2327 2857 aut
2372 2801 2493 2859 alio

411 2903 648 2976 aliquo,
718 2910 827 2960 aut
884 2902 1049 2959 nullo
1110 2901 1281 2959 modo
1339 2903 1569 2974 poterit
1626 2902 1798 2959 homo
1845 2903 2052 2959 salvus
2098 2918 2266 2959 esse:
2349 2921 2492 2977 qua-

415 3013 657 3076 ;‡·11·-·3.·†.›=1¹
721 3007 769 3064 si
823 3005 1042 3063 falsum
1091 3013 1216 3075 est,
1288 3005 1430 3076 quia
1475 3005 1673 3076 nullo,
1742 3013 1851 3062 aut
1896 3006 2098 3077 aliquo
2144 3003 2267 3063 alio
2314 3008 2489 3065 modo

414 3124 605 3180 spart-ar
661 3112 765 3168 lun:
813 3126 982 3179 esse,
1043 3125 1289 3167 neeesse
1335 3115 1430 3165 est
1471 3109 1605 3165 fieri
1647 3126 1759 3181 per
1805 3109 2122 3166 Christum.
2200 3104 2360 3188 BOS.
2425 3109 2489 3168 Si

417 3236 545 3284 ,μμ
601 3216 806 3270 mut-:ns
850 3214 1174 3284 rationem,
1222 3213 1364 3285 quia
1411 3214 1530 3269 alio
1576 3213 1749 3269 modo
1795 3230 1911 3270 non
1957 3218 2160 3285 potest
2205 3230 2376 3285 esse,
2427 3222 2490 3272 et

417 3340 517 3372 ms.
589 3318 980 3391 ihm-Hegens,
1056 3334 1174 3389 qua
1233 3317 1475 3373 ratione
1535 3332 1645 3387 per
1700 3316 2000 3373 Christum
2062 3332 2195 3373 esse
2256 3318 2486 3388 valeat,

413 3440 681 3476 ..ηε-μην
737 3422 898 3493 ¹solit,
950 3422 1088 3493 quia
1135 3437 1246 3478 nee
1289 3436 1403 3493 per
1435 3419 1754 3491 Christum,
1802 3436 1911 3477 nee
1942 3419 2064 3477 ullo
2096 3419 2269 3477 modo
2304 3428 2489 3491 queat

561 3679 565 3684 ·
601 3656 725 3709 [Aah
769 3671 884 3709 non
922 3656 1193 3708 solverit.
