2775 4400
640 272 796 332 CUR
842 271 1050 331 DEUS
1097 271 1342 330 HOMO.
1391 272 1441 330 I.
1489 291 1595 330 vn.
1644 291 1776 331 v111.
2208 277 2281 330 1-7

213 457 464 515 credere
513 456 814 514 debemus.
862 455 1138 527 Denique
1185 454 1341 514 sicut
1387 456 1450 512 in
1494 456 1647 513 bono
1695 455 1913 528 angelo
1959 455 2126 513 nulla
2172 472 2285 513 om·

211 560 356 618 nino
403 565 496 617 est
539 558 882 629 iniusticia,
940 559 1028 616 ita
1075 559 1138 616 in
1182 557 1339 616 malo
1385 558 1552 617 nulla
1598 559 1841 631 penitus
1887 564 1980 616 est
2024 559 2284 617 iusticia.

209 661 380 720 Nihil
438 663 632 736 igitur
691 667 827 720 erat
883 662 946 718 in
1011 660 1283 732 diabole,
1349 677 1455 720 cur
1517 661 1663 720 deus
1728 667 1937 720 contra
1997 661 2162 719 illum
2209 663 2288 720 ad

210 765 592 824 liberandum
638 766 930 823 hominem
978 781 1088 822 sua
1133 765 1223 822 uti
1268 765 1628 822 fortitudine
1673 781 1789 822 non
1837 765 2105 823 deberet.

396 945 596 1016 VIII.
643 946 803 1014 Ans,
837 953 1120 1013 Sufficere
1152 955 1324 1012 nobis
1358 955 1539 1012 debet
1570 955 1648 1012 ad
1679 955 1975 1012 rationem
2008 954 2291 1012 voluntas

216 1059 318 1118 dei
362 1074 491 1115 cum
536 1057 764 1130 aliquid
808 1057 980 1129 facit,
1027 1058 1172 1115 licet
1217 1075 1333 1114 non
1380 1057 1692 1116 videamus
1740 1074 1847 1115 cur
1891 1057 2041 1116 velit
2069 1052 2119 1127 ¹3
2191 1074 2289 1116 vo-

213 1162 421 1220 luntas
464 1177 719 1234 namque
768 1161 866 1219 dei
908 1177 1209 1233 nunquam
1243 1168 1336 1219 est
1369 1161 1831 1219 irrationabilis.
1881 1155 2035 1221 Boe.
2068 1161 2291 1220 Verum

217 1271 332 1337 est,
382 1266 434 1323 si
479 1270 718 1324 constat
758 1264 930 1322 deum
961 1263 1023 1323 id
1057 1263 1212 1323 velle
1246 1264 1405 1322 unde
1438 1263 1676 1337 agitur3
1726 1281 2100 1337 nequaquam
2136 1265 2289 1324 enim

218 1370 612 1442 acquiescunt
653 1369 824 1426 multi
873 1367 1045 1426 deum
1093 1367 1324 1440 aliquid
1369 1368 1547 1438 velle,
1596 1368 1648 1425 si
1692 1363 1899 1425 ratio2
1944 1384 2291 1441 repugnare

218 1472 480 1530 videtur.
526 1465 719 1530 ·An8.
795 1471 948 1542 Quid
1005 1471 1116 1529 tibi
1162 1487 1510 1544 repugnare
1557 1470 1799 1530 videtur
1844 1472 2103 1544 rationi,
2165 1487 2291 1529 cum

221 1577 395 1634 deum
442 1592 515 1633 ea
560 1574 819 1634 voluisse
865 1574 1148 1646 fatemur,
1197 1591 1351 1647 quae
1385 1574 1458 1632 de
1493 1574 1621 1632 eius
1652 1574 2068 1632 incarnatione
2104 1574 2289 1632 credi·

218 1683 394 1738 mus?
442 1673 596 1739 Bos.
644 1678 727 1738 Ut
769 1679 1041 1736 breviter
1087 1677 1312 1742 dicam:
1362 1677 1719 1736 altissimum
1766 1678 1843 1735 ad
1888 1683 2015 1735 tam
2044 1677 2295 1736 humilia

218 1783 538 1853 inclinari,
601 1783 1065 1853 omnipotentem
1129 1780 1357 1853 aliquid
1418 1781 1625 1838 facere
1672 1797 1801 1838 cum
1846 1786 2025 1848 tanto,
2064 1781 2292 1839 labore.

221 1880 386 1946 Ans.
432 1885 543 1956 Qui
589 1885 701 1943 hoc
747 1883 972 1954 dicunt,
1019 1901 1136 1941 non
1177 1884 1544 1955 intellegunt
1575 1884 1731 1955 quod
1765 1884 2081 1941 credimus.
2131 1883 2297 1943 Divi·

223 2006 360 2048 nam
422 1989 573 2046 enim
637 1994 917 2046 naturam
979 1987 1204 2059 absque
1268 1986 1448 2044 dubio
1494 1987 1819 2044 asserimus
1865 1986 2295 2059 inpassibilem,

224 2109 334 2151 nec
380 2092 686 2151 ullatenus
731 2107 910 2163 posse
957 2107 994 2148 a
1041 2093 1149 2148 su‘a
1195 2089 1556 2148 celsitudine
1603 2088 1933 2156 humiliari,
1981 2106 2091 2148 nec
2134 2091 2196 2148 in
2229 2107 2297 2148 eo

225 2198 383 2271 quod
439 2198 644 2257 facere
691 2194 823 2254 vult
868 2193 1186 2265 laborare3
1257 2194 1364 2252 sed
1412 2194 1710 2252 dominum
1755 2193 1956 2252 Iesum
2001 2193 2298 2253 Christum

227 2302 476 2361 dicimus
530 2317 736 2360 verum
788 2300 959 2357 deum
1009 2305 1069 2357 et
1116 2314 1322 2358 verum
1367 2298 1695 2369 hominem,
1757 2314 1935 2356 unam
1979 2315 2297 2371 personam

225 2406 288 2461 in
349 2404 582 2461 duabus
627 2404 863 2461 naturis
910 2409 972 2459 et
1017 2402 1170 2460 duas
1216 2407 1471 2459 naturas
1516 2403 1577 2458 in
1624 2417 1743 2459 una
1788 2417 2069 2473 persona.
2148 2402 2299 2472 Qua-

232 2511 478 2579 propter
540 2521 668 2563 cum
731 2505 984 2563 dicimus
1047 2505 1218 2562 deum
1280 2504 1508 2577 aliquid
1566 2504 1786 2562 humile
1848 2510 1954 2562 aut
2009 2506 2299 2563 infirmum

229 2609 379 2682 pati,
427 2624 542 2667 non
588 2608 699 2666 hoc
743 2608 1150 2679 intellegimus
1198 2608 1520 2665 secundum
1569 2608 1998 2665 sublimitatem
2046 2609 2300 2681 inpassi-

228 2712 368 2769 bilis
413 2718 690 2782 naturae,
739 2710 846 2769 sed
892 2710 1210 2768 secundum
1258 2710 1668 2769 infirmitatem
1700 2710 1996 2769 humanae
2028 2712 2300 2770 substan·

230 2816 352 2873 tiae
399 2831 576 2887 quam
623 2814 912 2888 gerebat;
963 2819 1026 2871 et
1071 2814 1156 2871 sic
1203 2819 1449 2872 nostrae
1492 2814 1634 2873 fidei
1667 2814 1834 2873 nulla
1864 2815 2021 2873 ratio
2055 2816 2302 2873 obviare

231 2920 628 2991 cognoscitur.
700 2916 800 2977 Sic
862 2918 1016 2975 enim
1077 2917 1304 2975 nullam
1363 2918 1603 2976 divinae
1651 2919 2034 2977 substantiae
2082 2919 2303 2991 signifi-

232 3038 432 3079 camus
476 3021 912 3092 humilitatem,
978 3021 1084 3079 sed
1130 3037 1305 3079 unam
1356 3021 1458 3079 dei
1502 3028 1563 3079 et
1608 3021 1860 3080 hominis
1906 3028 2304 3080 monstramus

235 3140 364 3182 esse
409 3141 748 3196 personam.
824 3124 958 3183 Non
1005 3124 1150 3197 ergo
1197 3120 1661 3183 incarnatione³
1710 3125 1805 3182 dei
1853 3126 1978 3183 ulla
2026 3124 2157 3198 eJ'us
2201 3126 2303 3181 hu-

233 3226 456 3284 militas
500 3227 883 3298 intellegitur
926 3227 1116 3299 facta,
1165 3227 1270 3285 sed
1303 3233 1526 3285 natura
1555 3228 1807 3286 hominis
1842 3228 2113 3285 creditur
2145 3228 2304 3284 exal-

233 3336 385 3388 tat-a.
433 3324 589 3389 Bos·
633 3330 734 3387 Ita
781 3330 893 3387 sit:
958 3330 1106 3388 nihil
1153 3331 1484 3403 imputetur
1531 3331 1772 3388 divinae
1822 3336 2103 3400 naturae,
2152 3330 2307 3402 quod

379 3591 568 3646 ¹edd.:
607 3593 698 3645 ita
735 3592 897 3645 velit.
947 3622 999 3630 —
1046 3590 1238 3644 'odda
1279 3592 1334 3645 .ςί
1374 3591 1627 3644 rationi,
1666 3622 1729 3628 —
1770 3589 2197 3645 ³ABOEMOP:
2243 3594 2309 3645 in

235 3680 683 3733 incarnatione.

1966 3782 2001 3835 2
