2775 4400
737 318 892 377 CUR
938 318 1146 378 DEUS
1194 318 1441 378 HOMO.
1488 318 1537 377 I.
1587 339 1761 378 xvm.
2206 305 2283 378 3'9
2363 399 2367 403 Ἴ

218 499 524 573 inpleatur
584 519 860 560 numerus
923 503 1246 560 electorum
1306 487 1633 560 hominum
1668 508 1731 560 et
1773 502 1880 560 illa
1926 503 2110 560 beata
2154 518 2286 575 per-

216 603 450 661 ficiatur
513 605 763 676 civitam,
835 622 945 663 nec
1003 612 1141 678 post
1200 607 1330 665 eius
1385 605 1817 679 perfectionem
1875 605 2285 664 differendum.

216 705 383 765 Unde
428 707 640 780 colligi
669 714 872 781 potest
904 709 1075 766 deum
1109 709 1188 768 ad
1219 709 1398 768 inicio
1429 710 1835 782 proposuisse,
1875 714 1944 766 ut
1972 713 2289 781 utrumque

217 809 389 868 simul
446 812 806 884 perficeret;
885 813 1169 885 quatinus
1233 818 1295 870 et
1337 813 1529 870 minor
1576 824 1729 884 quae
1778 812 1951 870 deum
1996 829 2112 871 non
2160 828 2286 869 sen-

212 911 374 984 tiret,
437 920 665 973 natura
711 919 853 974 ante
897 915 1182 974 maiorem
1229 932 1381 988 qnae
1430 916 1540 974 deo
1586 916 1709 973 frui
1756 915 2022 986 deberet,
2068 931 2288 987 nequa-

213 1032 386 1088 quam
445 1017 877 1091 perficeretur,
954 1025 1016 1076 et
1074 1020 1136 1077 in
1196 1020 1445 1079 maioris
1501 1019 1875 1093 perfectione
1934 1023 2167 1076 mutata
2226 1019 2291 1076 in

213 1119 420 1179 melius
497 1139 606 1180 suo
673 1123 928 1195 quodam
984 1123 1154 1180 modo
1216 1124 1388 1196 quasi
1451 1123 2017 1195 congratularetur3
2110 1122 2287 1179 immo

215 1224 398 1282 omnis
445 1231 734 1284 creatura
783 1226 856 1284 de
902 1231 1026 1284 tam
1073 1227 1344 1299 gloriosa
1387 1233 1450 1284 et
1488 1233 1611 1284 tam
1653 1225 1998 1284 admirabili
2032 1226 2122 1282 sui
2157 1238 2287 1283 con-

213 1329 610 1386 summatione
677 1330 796 1402 ipsi
865 1331 1124 1388 creat-ori
1191 1336 1252 1388 et
1307 1331 1425 1387 sibi
1489 1324 1786 1387 invicem¹
1850 1344 2121 1400 quaeque
2181 1343 2311 1402 suo⁴

211 1430 379 1488 modo
441 1438 698 1490 aeterne
759 1433 1190 1505 congaudendo
1252 1433 1717 1504 iocundaretur,
1789 1433 2072 1504 quatinus
2133 1431 2289 1503 quod

213 1529 492 1592 voluntas
554 1537 617 1592 in
677 1531 1076 1594 rationabili²
1137 1541 1358 1594 natura
1420 1541 1634 1608 sponte
1694 1535 1879 1606 facit,
1941 1536 2053 1593 hoc
2106 1535 2288 1592 etiam

211 1635 583 1696 insensibilis
645 1644 925 1697 creatura
983 1655 1093 1711 per
1140 1639 1236 1696 dei
1282 1639 1737 1712 dispositionem
1782 1639 2146 1697 naturaliter
2192 1655 2287 1696 ex·

211 1736 464 1799 biberet.
519 1740 787 1800 Solemus
833 1759 1087 1814 namque
1131 1743 1194 1800 in
1226 1743 1516 1800 maiorum
1549 1747 1885 1800 nostrorum
1918 1741 2288 1810 exaltatione

215 1845 634 1918 congaudere,
696 1852 764 1904 ut
823 1863 952 1904 cum
1006 1847 1068 1903 in
1114 1846 1422 1905 nataliciis
1468 1852 1810 1904 sanctornm
1854 1846 2080 1903 festiva
2127 1845 2286 1902 exul—

213 1947 440 2006 tatione
491 1949 883 2007 iocundamur
929 1949 1002 2007 de
1051 1950 1246 2022 gloria
1289 1949 1526 2007 illorum
1566 1951 1889 2007 laetanteS.
1939 1948 2126 2019 Quam
2158 1965 2285 2006 sen—

213 2051 465 2110 tentiam
509 2052 660 2127 illnd
693 2053 985 2112 adiuvare
1018 2053 1278 2125 videtur,
1321 2054 1462 2126 quia
1496 2054 1547 2110 si
1578 2052 1775 2110 Adam
1806 2069 1922 2110 non
1953 2058 2285 2125 peccasset,

217 2151 492 2215 differret
534 2162 735 2215 tamen
782 2156 928 2216 deus
974 2156 1136 2215 illam
1187 2150 1496 2216 ci'vitatem
1541 2156 1865 2230 perficere,
1923 2155 2110 2215 donec
2155 2171 2275 2214 con·

214 2256 373 2327 pleto
421 2278 500 2319 ex
544 2261 878 2318 hominibus
926 2277 1098 2333 quem
1147 2261 1513 2333 expectabat
1558 2277 1838 2332 numer-0,
1893 2261 2010 2333 ipsi
2058 2276 2288 2332 quoque

215 2357 484 2422 homines
527 2364 590 2422 in
636 2380 968 2437 corporum,
1024 2369 1092 2421 ut
1135 2365 1224 2421 ita
1273 2364 1486 2436 dicam,
1533 2352 1913 2422 inmortalem
1959 2363 2287 2421 inmortali·

215 2468 399 2524 tatem
447 2472 1021 2525 transmutarentur.
1067 2462 1437 2525 Habebant³
1485 2468 1640 2524 enim
1684 2468 1748 2525 in
1786 2466 2072 2539 paradiso
2106 2481 2286 2538 quan—

220 2560 352 2625 dam
401 2571 911 2629 'inmortalitatem
964 2571 1027 2629 id
1083 2577 1176 2628 est
1219 2575 1585 2643 potestatem
1632 2588 1749 2628 non
1794 2568 2117 2640 moriendi,
2182 2568 2288 2625 sed

217 2684 330 2727 non
375 2680 516 2731 erat
558 2674 895 2732 inmortalis
940 2675 1091 2732 haec
1133 2681 1443 2747 potestaS,
1509 2674 1649 2746 quia
1694 2678 1939 2746 poterat
1982 2671 2165 2743 mori,
2223 2674 2290 2728 ut

221 2774 450 2835 scilicet
507 2778 628 2849 ipsi
687 2787 803 2835 non
863 2783 1110 2850 possent
1168 2795 1286 2835 non
1339 2779 1509 2836 mori.
1589 2777 1757 2849 Quod·
1802 2777 1853 2833 si
1897 2777 1987 2834 ita
2034 2781 2160 2847 est,
2220 2776 2290 2832 ut

220 2876 510 2939 videlicet'
568 2880 929 2939 rationalem
990 2881 1158 2938 illam
1221 2888 1281 2938 et
1339 2882 1583 2939 beatam
1645 2882 1954 2940 civitatem
2018 2886 2079 2937 et
2135 2881 2290 2937 hanc

220 2984 577 3041 mundanam
634 2984 1160 3056 insensibilemque
1208 2992 1486 3043 naturam
1535 2985 1681 3043 deus
1726 2986 1802 3043 ab
1851 2984 2029 3042 inicio
2075 3000 2287 3057 propo-

221 3087 410 3145 suerit
468 3076 669 3144 siniul'
701 3087 1025 3160 perficere,
1087 3088 1330 3147 videtur
1392 3090 1531 3161 quia
1592 3094 1700 3146 aut
1755 3087 1865 3145 illa
1912 3088 2127 3145 civitas
2171 3103 2288 3144 non

223 3193 352 3246 erat
397 3191 678 3263 conpleta
721 3192 783 3248 in
829 3208 1072 3249 numero
1119 3192 1472 3265 angelorum
1519 3196 1661 3249 ante
1705 3191 1992 3248 malorum
2032 3190 2287 3259 ruinam,

223 3290 324 3349 sed
355 3296 720 3365 expectabat
751 3294 915 3367 deuS,
957 3299 1025 3352 ut
1056 3311 1186 3353 eam
1220 3296 1294 3353 de
1324 3274 1659 3353 hominibus
1692 3294 2017 3367 conpleret‚
2053 3292 2288 3365 quando

226 3406 567 3469 corpoream
609 3398 814 3455 mundi
860 3404 1141 3456 naturam
1186 3400 1248 3456 in
1294 3399 1505 3456 melius
1549 3404 1844 3469 mutaret3
1908 3402 2016 3454 aut
2062 3397 2113 3454 si
2156 3412 2289 3468 per·

365 3632 633 3686 ¹KLNP:
694 3634 813 3687 sibi
871 3636 926 3687 et
974 3634 1251 3687 invicem.
1301 3664 1367 3671 —
1421 3631 1786 3686 ²GHIMNP:
1848 3632 2168 3685 rationali.
2224 3661 2289 3669 —

232 3714 392 3772 ⁸KL:
429 3720 709 3774 habebat.
