2775 4400
449 275 528 328 20
1291 273 1654 332 ANSELMI

445 454 722 512 miseram
771 471 902 512 esse
945 456 1074 513 sine
1107 457 1282 528 culpa
1317 464 1528 529 cogat:
1574 458 1868 516 hominem
1898 461 2051 517 enim
2084 461 2335 517 invitum
2367 462 2517 519 mori

448 558 722 614 miserum
771 565 880 616 est.
929 553 1082 618 Boe.
1128 559 1332 631 Patet,
1381 561 1521 633 quia
1568 561 1619 618 si
1663 578 1779 618 non
1821 570 2135 634 peccasset
2163 563 2353 632 homO,
2400 581 2519 622 non

447 661 697 718 deberet
741 663 817 719 ab
867 679 934 719 eo
986 663 1131 720 deus
1170 669 1415 720 mortem
1452 665 1718 736 exigere.
1765 658 1925 724 Ans.
1974 665 2105 723 Non
2138 683 2283 740 ergo
2318 669 2519 740 coegit

449 765 595 821 deus
627 765 922 822 Christum
969 766 1139 837 mori,
1184 767 1246 824 in
1294 783 1408 839 quo
1450 767 1673 824 nullum
1706 768 1826 826 fuit
1854 775 2199 841 peccatum:
2250 770 2355 826 sed
2386 771 2517 843 ipse

447 875 659 940 sponte
720 870 1004 926 sustinuit
1063 877 1343 941 mortem,
1408 887 1525 928 non
1583 888 1691 943 per
1747 861 2153 931 obedientiam
2200 873 2518 932 deserendi

449 973 654 1042 vitam,
703 971 808 1028 sed
853 979 1104 1044 propter
1151 973 1555 1030 obedientiam
1603 973 1887 1032 servandi
1932 975 2251 1046 iusticiam,
2298 977 2359 1033 in
2400 994 2519 1049 qua.

379 1082 568 1164 'ptam
599 1075 844 1132 fortiter
875 1076 1314 1148 perseveravit,
1357 1085 1425 1132 ut
1454 1075 1593 1132 inde
1626 1083 1875 1134 mortem
1906 1078 2259 1136 incurreret..
2307 1079 2521 1138 Potest

447 1179 628 1234 etiam
663 1178 798 1248 dici,
847 1180 989 1250 quia
1019 1180 1336 1251 praecepit
1364 1178 1456 1236 illi
1487 1184 1666 1251 pater
1696 1181 1845 1237 mori
1885 1196 2013 1238 cum
2044 1181 2155 1239 hoc
2185 1183 2517 1255 praecepit,

447 1281 603 1339 unde
649 1281 904 1338 incurrit
948 1289 1215 1339 mortem.
1263 1281 1362 1340 Ita
1412 1298 1557 1354 ergo
1601 1280 1769 1340 sicut
1807 1280 2185 1342 mandatum
2216 1281 2396 1344 dedit
2426 1285 2519 1343 illi

435 1391 650 1463 pater,
719 1383 811 1443 sic
856 1375 1023 1455 fecit,
1081 1391 1142 1442 et
1189 1381 1471 1458 calicem,
1522 1404 1701 1464 quem
1747 1381 1925 1444 dedit
1969 1387 2141 1457 bibit,
2190 1393 2252 1444 et
2282 1385 2522 1467 factus

448 1494 542 1545 est
601 1484 902 1546 obediens
963 1489 1128 1560 patri
1190 1504 1376 1560 usque
1440 1489 1519 1545 ad
1576 1495 1856 1559 mortem,
1922 1495 1983 1545 et
2027 1490 2113 1546 sic
2160 1486 2398 1549 didicit
2442 1511 2522 1550 eoe

445 1587 568 1663 his,
619 1610 779 1670 quae
799 1610 1051 1672 passus
1081 1598 1194 1663 est,
1229 1587 1674 1662 obedientiam,
1708 1592 1768 1648 id
1803 1597 1913 1662 est,
1948 1607 2251 1664 quousque
2284 1597 2519 1652 servari

449 1695 668 1752 debeat
732 1695 1094 1752 obedientia.
1167 1695 1431 1752 Verbum
1478 1701 1679 1752 autem
1726 1694 1882 1767 quod
1926 1695 2186 1767 positum
2233 1701 2358 1766 est,
2422 1692 2516 1755 di-

447 1794 627 1874 dicit,
677 1798 906 1856 duobus
951 1799 1140 1856 modis
1185 1799 1461 1871 intellegi
1508 1805 1729 1871 potest.
1777 1799 1901 1857 Aut
1948 1799 2103 1856 enim
2151 1794 2387 1858 didicit
2435 1799 2519 1856 di-

448 1908 604 1961 ctum
651 1909 744 1960 est
787 1919 930 1976 pro:
981 1902 1134 1960 alios
1178 1903 1328 1960 fecit
1360 1903 1612 1974 discere,
1661 1909 1767 1960 aut
1798 1904 1957 1975 quia,
2006 1902 2160 1975 quod
2192 1918 2301 1975 per
2333 1905 2519 1961 scien-

447 2007 592 2064 tiam
661 2023 777 2064 non
844 2007 1202 2080 ignorabat,
1274 2009 1686 2079 experimento
1739 2003 2009 2084 didicit.
2087 2005 2253 2076 Quod
2320 2013 2519 2065 autem

447 2109 791 2181 apostolu8,
851 2127 977 2167 cum
1030 2110 1311 2168 dixisset:
1388 2106 1759 2170 humiliavit
1806 2108 2241 2188 semetipsum,
2284 2106 2523 2190 factus

449 2209 750 2271 obediens
794 2232 994 2293 usque
1040 2211 1129 2272 ad
1171 2220 1465 2284 mortem,
1527 2220 1781 2273 mortem
1831 2219 2041 2272 autem
2086 2212 2337 2286 crucia,
2386 2215 2519 2271 sub-

450 2316 634 2373 didit:
691 2322 964 2397 propter
1011 2314 1180 2396 quod
1224 2324 1280 2375 et
1326 2314 1487 2375 deus
1533 2314 1720 2376 illum
1765 2314 2095 2388 eoealtavit,
2145 2323 2207 2374 et
2253 2302 2523 2377 donavit

449 2417 555 2482 illi
613 2440 872 2493 nomen,
946 2417 1116 2499 quod
1175 2428 1268 2503 est
1331 2439 1526 2501 super
1588 2440 1763 2479 omne
1811 2415 2112 2491 nomen&
2184 2422 2276 2478 cui
2328 2420 2523 2479 simile

449 2530 543 2581 est
588 2525 744 2596 quod
789 2524 989 2583 David
1037 2524 1220 2582 dixit:
1273 2520 1348 2583 de
1398 2530 1675 2584 torrente
1722 2522 1792 2583 in
1838 2521 1948 2583 via
1995 2520 2161 2583 bibet
2178 2520 2223 2597 ⁹,
2264 2531 2522 2603 propte·

449 2646 563 2687 rrea
623 2624 934 2688 eoealtabit
995 2624 1270 2709 caput&
1335 2646 1453 2687 non
1516 2630 1603 2686 ita
1652 2628 1873 2685 dictum
1923 2635 2048 2698 est,
2112 2628 2285 2699 quasi
2330 2628 2524 2684 nulla—

449 2738 624 2788 tenus
686 2734 985 2804 potuisset
1045 2734 1364 2806 pervenire
1429 2732 1507 2789 ad
1568 2732 1721 2790 hanc
1779 2731 2204 2788 exaltationem
2252 2730 2367 2786 nisi
2410 2746 2525 2801 per

449 2835 604 2893 hanc
663 2836 870 2892 mortis
933 2836 1368 2905 obedientiam,
1434 2836 1498 2892 et
1558 2836 1707 2892 haec
1770 2834 2060 2891 exaltatio
2122 2849 2239 2890 non
2294 2833 2411 2889 nisi
2458 2833 2523 2890 in

450 2938 906 2996 retributionem
938 2939 1114 2995 huius
1147 2938 1533 2996 obedientiae
1569 2937 1789 2995 collata
1824 2937 1935 3005 sit:
1969 2936 2138 3008 prius
2164 2936 2317 2993 enim
2346 2952 2523 3008 qnam

450 3048 798 3114 pateretur,
861 3043 994 3115 ipse
1051 3042 1202 3099 dixit
1249 3041 1445 3099 omnia
1493 3042 1608 3099 sibi
1654 3057 1786 3097 esse
1830 3038 2063 3097 tradita
2111 3057 2147 3096 a
2193 3035 2414 3112 patre-‚⁴
2461 3046 2526 3097 et

450 3146 647 3203 omnia
714 3146 908 3217 patris
980 3162 1110 3202 esse
1181 3140 1364 3202 sua5:
1438 3144 1543 3201 sed
1612 3144 1887 3216 quoniam
1957 3144 2085 3215 ipse
2156 3159 2285 3201 cum
2344 3149 2525 3215 patre

450 3257 779 3321 sanctoque
826 3249 1043 3321 spiritu
1091 3248 1499 3332 disposuerat,
1544 3264 1608 3305 se
1654 3263 1768 3304 non
1804 3246 1989 3305 aliter
2021 3264 2197 3319 quam
2230 3262 2338 3319 per
2372 3262 2523 3303 mor-

453 3360 571 3409 tem
629 3352 1047 3409 celsitudinem
1110 3351 1580 3423 omnipotentiae
1642 3367 1787 3409 suae
1847 3349 2063 3408 mundo
2111 3358 2523 3420 ostensurum:

604 3585 882 3653 ¹Philipp.
930 3586 992 3652 2,
1050 3586 1099 3641 9.
1149 3617 1212 3624 —
1253 3586 1445 3639 ²cdd.:
1511 3587 1661 3640 bibit
1715 3584 1916 3651 (KNP:
1979 3584 2188 3651 bibet),
2252 3599 2315 3637 ac
2366 3583 2523 3636 dein:
2584 3636 2589 3639 .

451 3674 772 3727 exaltavit.
813 3704 875 3710 —
917 3672 1160 3726 ³Psalm.
1198 3672 1317 3739 109,
1364 3674 1412 3727 7.
1454 3704 1515 3711 —-
1556 3672 1733 3725 4Luc.
1771 3671 1853 3738 10,
1890 3672 1973 3724 22.
2014 3701 2077 3708 —
2118 3668 2279 3723 ⁵Ioh.
2319 3669 2402 3736 16,
2440 3670 2527 3725 15.
