2775 4400
735 302 891 362 CUI:
937 303 1145 362 DEUS
1191 303 1439 362 HOMO.
1488 304 1537 361 Ι.
1586 324 1685 363 xv.
1735 323 1859 362 xvl.
1996 337 1999 339 Δ
2252 306 2329 362 33

252 487 404 558 sed,
467 492 752 559 quantum
797 486 862 543 in
909 501 973 543 se
1021 493 1146 557 est,
1209 487 1320 545 hoc
1365 487 1584 560 aliquis
1630 486 1836 546 facere
1882 487 2157 558 videtur,
2208 504 2337 545 cum

253 591 634 650 voluntatem
703 607 870 648 suam
938 591 1241 649 voluntati
1311 591 1441 648 eius
1508 591 1759 662 subicit,
1838 597 1945 650 aut
2012 591 2334 648 subtrahit.

254 689 418 765 Bos,
465 693 702 764 Nescio,
751 693 894 766 quid
937 700 1147 751 contra
1180 710 1392 771 queam
1426 694 1646 752 dicere.
1680 687 1841 753 Ans.
1876 693 2088 752 Adhuc
2119 694 2338 752 addam

255 797 512 870 aliquid.
567 791 714 856 Bos.
765 797 1023 854 Tamdiu
1072 797 1185 869 dic,
1235 798 1423 855 donec
1466 814 1559 854 me
1604 798 1855 855 taedeat
1899 797 2129 855 audire.

437 995 640 1066 XVI.
689 996 850 1060 Ana.
899 1003 1090 1060 Deum
1138 1008 1376 1061 constat
1418 1004 1826 1076 proposuisse,
1875 1008 1943 1060 ut
1975 1003 2049 1060 de
2080 1003 2339 1060 humana

259 1114 487 1166 natura
549 1123 725 1179 quam
771 1106 922 1164 fecit
967 1095 1094 1165 sine
1139 1109 1426 1180 peccat0,
1490 1123 1797 1164 numerum
1844 1105 2194 1178 angelorum
2240 1107 2343 1177 qui

263 1210 617 1269 ceciderant
667 1211 1026 1270 restitueret
1051 1206 1085 1266 ¹.
1163 1205 1319 1270 Bos.
1397 1210 1528 1268 Hoc
1582 1210 1913 1281 credimus,
1974 1209 2078 1266 sed
2124 1197 2342 1267 vellem

261 1315 531 1386 aliquam
575 1315 754 1372 huius
799 1315 892 1371 rei
935 1315 1234 1372 rationem
1279 1314 1526 1372 habere.
1591 1306 1752 1373 Ans.
1815 1313 2007 1371 Fallis
2052 1329 2176 1384 me3
2226 1329 2343 1370 non

263 1418 426 1474 enim
484 1418 900 1490 proposuimus
961 1423 1231 1476 tractare
1294 1418 1410 1475 nisi
1466 1417 1539 1474 de
1587 1418 1716 1474 sola
1762 1417 2178 1476 incarnatione
2224 1415 2341 1487 dei,

265 1528 332 1578 et
376 1526 443 1578 tu
487 1521 631 1578 mihi
676 1521 992 1578 interseris
1039 1521 1194 1578 alias
1241 1521 1647 1593 quaestiones,
1695 1515 1849 1580 Boe.
1897 1520 1989 1578 Ne
2032 1520 2341 1590 irascaris,

263 1621 542 1684 hilarem
588 1619 798 1683 (εηίτηΞ
849 1620 1136 1684 datorem
1181 1620 1404 1704 diliyit
1448 1619 1693 1700 deus³;
1737 1640 1874 1682 nam
1914 1640 2084 1682 nemo
2125 1623 2347 1696 probat

263 1729 465 1800 magis
512 1744 576 1784 se
619 1727 900 1786 hilariter
947 1727 1093 1786 dare
1139 1714 1296 1800 cuod
1341 1727 1663 1800 promittit,
1714 1744 1889 1800 quam
1938 1728 2040 1800 qui
2069 1727 2206 1799 plus
2239 1726 2347 1784 dat

265 1847 447 1904 quam
491 1831 822 1903 promittit3
873 1831 970 1889 dic
1017 1847 1164 1904 ergo
1208 1831 1471 1890 libenter
1518 1831 1674 1902 quod
1722 1845 1967 1903 quaere.
2016 1823 2177 1888 Ans.
2226 1829 2344 1887 Ra-

263 1935 559 1992 tionalem
603 1939 918 2005 naturam,
982 1951 1135 2006 quae
1184 1934 1282 1992 dei
1329 1933 1834 2006 contemplatione
1880 1934 2063 2007 beata
2109 1933 2207 1991 vel
2254 1938 2348 1990 est

266 2038 371 2097 vel
422 2038 630 2096 futura
678 2044 802 2109 est,
864 2039 925 2095 in
975 2038 1230 2110 quodam
1273 2037 1627 2095 rationabili
1674 2043 1736 2094 et
1781 2037 2054 2110 perfecto
2101 2052 2345 2098 numero

265 2141 638 2215 praescitam
699 2157 831 2199 esse
877 2158 913 2199 a
962 2143 1108 2214 deo,
1171 2143 1260 2200 ita
1305 2147 1374 2200 ut
1418 2157 1530 2199 nec
1575 2141 2017 2209 maioremnec
2060 2140 2347 2199 minorem
2412 2174 2418 2181 -

266 2247 440 2305 illum
475 2236 632 2303 'esse
679 2246 926 2318 deceat,
988 2263 1106 2303 non
1153 2252 1247 2303 est
1292 2246 1706 2303 dubitandum.
1783 2246 1910 2323 Aut
1955 2246 2109 2302 enim
2155 2245 2350 2302 nescit

270 2351 456 2421 deuS,
517 2350 579 2407 in
640 2365 754 2421 quo
801 2366 1047 2407 numero
1093 2349 1306 2406 melius
1353 2366 1484 2407 eam
1533 2348 1750 2407 deceat
1796 2349 2111 2407 constitui:
2193 2348 2349 2420 quod

267 2454 496 2512 falsum
543 2459 666 2525 est3
717 2458 824 2510 aut
863 2454 914 2509 si
947 2454 1084 2524 scit,
1132 2454 1196 2509 in
1229 2469 1298 2510 eo
1331 2453 1498 2510 illam
1532 2454 1875 2523 constituet,
1926 2468 2096 2525 quem
2128 2451 2206 2509 ad
2238 2452 2349 2509 hoc

273 2557 680 2615 decentiorem
723 2556 1058 2628 intelleget.
1141 2556 1524 2629 Quapropter
1572 2562 1679 2613 aut
1725 2556 1930 2627 angeli
1975 2555 2066 2613 illi
2112 2555 2212 2626 qui
2260 2571 2348 2612 ce-

273 2661 572 2731 ciderunt,
617 2658 770 2718 facti
803 2665 978 2717 erant
1009 2660 1088 2717 ad
1119 2659 1248 2731 hoc,
1283 2665 1351 2717 ut
1382 2664 1581 2716 essent
1612 2659 1775 2716 intra
1807 2658 1975 2715 illum
2006 2674 2345 2729 numerum3

271 2770 385 2823 aut
416 2764 555 2836 quia
585 2764 748 2821 intra
768 2758 794 2795 ⁴
823 2763 991 2821 illum
1023 2779 1331 2821 numerum
1362 2778 1717 2835 permanere
1750 2778 1867 2819 non
1899 2768 2243 2835 potuerunt,
2278 2780 2351 2821 ex

271 2868 640 2927 necessitate
687 2867 1067 2925 ceciderunt:
1149 2866 1305 2939 quod
1353 2866 1678 2924 absurdum
1725 2875 1819 2923 est
1865 2866 2121 2939 opinari.
2192 2861 2344 2926 Bos,

275 2972 526 3030 Veritas
573 2975 666 3028 est
711 2976 928 3043 aperta
974 2970 1135 3043 quod
1183 2970 1353 3028 dicis,
1402 2962 1562 3028 Ana.
1612 2970 1900 3041 Quoniam
1948 2986 2093 3041 ergo
2142 2971 2213 3026 de
2246 2971 2351 3028 illo

275 3091 524 3132 numero
572 3092 704 3133 esse
745 3075 1097 3138 debuerunt.
1146 3080 1254 3131 aut
1281 3073 1722 3131 restaurandus
1755 3079 1848 3131 est
1882 3090 1953 3131 ex
1987 3074 2352 3131 necessitate

277 3194 561 3240 numerus
621 3195 858 3251 eorum,
921 3183 1030 3235 aut
1080 3178 1144 3234 in
1199 3177 1540 3249 inperfecto
1584 3177 1924 3233 remanebit
1968 3192 2211 3233 numero
2257 3193 2351 3234 ra-

429 3446 576 3500 ¹Cfr.
617 3446 945 3516 Auyustinz‘
982 3446 1203 3499 Enchir.
1253 3446 1323 3497 ad
1361 3446 1727 3498 Laurentium
1780 3461 1823 3497 c.
1872 3444 1956 3499 29.
1999 3444 2078 3497 De
2117 3446 2224 3498 civ.
2264 3446 2356 3499 dei

273 3534 377 3601 22,
435 3534 481 3585 1.
530 3534 656 3586 Ioh.
690 3532 855 3587 Scoti
893 3534 1198 3601 Eriyenac
1249 3532 1315 3585 de
1368 3532 1531 3585 divis.
1583 3535 1697 3584 nat.
1747 3531 1783 3583 l.
1834 3532 1974 3597 5.-p.
2011 3532 2115 3585 576
2151 3546 2230 3596 sq.
2270 3532 2353 3584 ed.

275 3620 583 3675 Schlizter.
623 3619 860 3672 Monast.
912 3618 1137 3684 Guest.,
1192 3619 1344 3672 1838.
1381 3618 1431 3671 8.
1471 3648 1534 3655 —
1578 3616 1873 3670 ²KLNOP
1932 3632 2035 3669 om.
2072 3618 2250 3685 enim.
2292 3648 2356 3656 —

278 3709 304 3741 ³
332 3706 382 3760 2.
425 3705 676 3759 Corinth.
713 3706 762 3773 9,
802 3707 850 3760 7.
891 3736 953 3742 —
994 3706 1209 3757 *intra
1236 3705 1280 3756 L
1309 3720 1377 3757 ex
1415 3718 1555 3757 corr.
1582 3703 1668 3772 M3
1706 3705 1907 3771 vulgo:
1947 3706 2167 3757 eaetras

2015 3807 2048 3859 3
