2775 4400
708 284 864 343 CUR
907 283 1116 344 DEUS
1165 283 1413 343 HOMO.
1462 284 1547 342 II.
1592 303 1685 341 111.
1732 303 1816 342 Ν.
2222 289 2298 342 61

400 536 538 606 ΙΠ.
619 543 792 603 Unde
839 550 1051 618 aperte
1098 545 1455 616 quandoque
1500 544 1711 602 futura
1756 545 2122 602 resurrectio
2160 560 2310 602 mor-

236 652 462 704 tuorum
523 649 844 720 probatur.
920 647 1152 720 Quippe
1215 648 1266 705 si
1328 648 1502 705 homo
1559 647 1831 720 perfecte
1875 648 2312 706 restaurandus

229 749 337 822 est,
371 751 518 808 talis
551 751 738 810 debet
764 752 1026 822 restitui,
1060 751 1258 824 qualis
1288 751 1531 828 futurus
1562 755 1716 822 erat,
1740 751 1794 807 si
1824 767 1943 808 non
1975 758 2309 823 peccasset.

231 848 378 912 Bos.
440 855 652 913 Aliter
707 871 840 913 esse
885 871 1001 912 non
1047 859 1270 927 potest.
1351 847 1513 912 Ans.
1576 852 2079 924 Quemadmodum
2121 854 2315 926 igitur

235 957 282 1013 si
326 974 442 1015 non
488 963 818 1030 peccasset
857 957 1064 1030 homo,
1129 975 1259 1032 cum
1305 957 1514 1014 eodem
1560 956 1716 1029 quod
1762 958 2021 1030 gerebat
2065 973 2314 1029 corpore

231 1061 290 1116 in
330 1060 986 1133 incorruptibilitatem
1029 1059 1530 1119 transmutandus
1578 1065 1745 1132 erat,
1793 1061 1881 1118 ita
1930 1065 2201 1134 oportet,
2246 1066 2317 1117 ut

229 1180 356 1220 cum
399 1165 897 1236 restaurabitur,
947 1181 1078 1222 cum
1123 1181 1229 1222 suo
1274 1147 1362 1221 in'
1385 1180 1500 1236 quo
1546 1164 1703 1222 vivit
1744 1164 1809 1220 in
1852 1163 1967 1221 hac
2014 1164 2143 1222 vita
2190 1180 2315 1222 cor-

230 1283 369 1338 pore
413 1273 827 1325 restauretur.
899 1262 1054 1327 Bos.
1103 1266 1256 1338 Quid
1301 1266 1814 1340 respondebimuS,
1864 1267 1916 1324 si
1963 1267 2095 1339 quis
2130 1267 2313 1334 dicat,

225 1371 365 1441 quia
421 1371 542 1430 hoc
604 1371 740 1428 fieri
803 1375 1043 1443 oportet
1104 1371 1179 1428 de
1223 1371 1346 1427 illis
1392 1371 1453 1426 in
1501 1370 1715 1442 quibus
1758 1370 2077 1428 humanum
2124 1386 2317 1442 genus

227 1475 720 1545 restaurabitur,
784 1474 859 1531 de
920 1474 1197 1546 reprobis
1258 1489 1403 1531 vero
1463 1490 1583 1531 non
1646 1479 1740 1530 est
1784 1475 2076 1531 necesse?
2152 1466 2314 1531 Arm.

233 1575 393 1634 Nihil
438 1578 690 1648 iustiuS,
736 1583 845 1634 aut
890 1577 1342 1636 convenientius
1387 1576 1789 1649 intellegitur,
1839 1593 2016 1648 quam
2062 1581 2128 1632 ut
2159 1577 2317 1633 sicut

233 1678 396 1736 homo
445 1682 504 1739 si
551 1686 1014 1753 perseverasset
1058 1681 1120 1737 in
1165 1680 1445 1750 iusticia,
1507 1685 1705 1750 totuS,
1761 1679 1823 1737 id
1872 1684 1965 1736 est
2009 1679 2210 1736 anima
2258 1687 2318 1736 et

229 1799 503 1856 corpore,
557 1790 810 1842 aeterne
857 1784 1074 1841 beatus
1122 1788 1301 1854 esset,
1348 1784 1439 1841 ita
1485 1783 1537 1840 si
1580 1787 1940 1855 perseverat
1984 1783 2045 1839 in
2085 1782 2315 1840 iniusti-

232 1885 340 1957 cia,
385 1893 562 1946 totus
610 1886 886 1944 similiter
933 1893 1181 1945 aeterne
1226 1887 1412 1944 miser
1458 1887 1554 1943 sit.
1641 1880 1787 1946 Bos.
1844 1886 2130 1943 Breviter
2174 1885 2319 1943 mihi

229 1988 304 2045 de
346 1990 442 2048 his
492 1990 875 2048 satisfecisti.

403 2189 540 2261 [V.
601 2189 761 2256 Ans.
809 2198 903 2255 Ex
947 2196 1041 2256 his
1089 2203 1182 2254 est
1225 2196 1408 2255 facile
1458 2212 1839 2270 cognoscere,
1889 2196 2168 2269 quoniam
2214 2202 2322 2254 aut

233 2298 342 2358 hoc
389 2301 464 2359 de
513 2300 776 2359 humana
824 2307 1044 2358 natura
1089 2300 1366 2374 perficiet
1413 2300 1558 2357 deus
1606 2300 1761 2372 quod
1802 2301 2049 2373 incepit,
2109 2306 2215 2358 aut
2258 2302 2320 2357 in

237 2418 454 2461 vanum
534 2405 686 2462 fecit
753 2410 877 2461 tam
939 2405 1246 2462 sublimem
1307 2409 1589 2461 naturam
1650 2404 1729 2461 ad
1790 2409 2023 2461 tantum
2084 2404 2317 2461 bonum.

235 2505 318 2563 At
373 2510 428 2565 si
493 2507 647 2565 nihil
702 2508 1035 2580 preciosius
1089 2503 1482 2580 agnoscitur¹
1547 2509 1693 2566 deus
1740 2508 1958 2564 fecisse
2006 2522 2181 2577 quam
2225 2523 2319 2563 ra-

237 2610 532 2670 tionalem
577 2617 857 2669 naturam
903 2612 981 2669 ad
1029 2612 1410 2684 gaudendum
1461 2612 1532 2669 de
1580 2628 1663 2677 se,
1711 2610 1889 2668 valde
1937 2609 2198 2665 alienum
2231 2617 2324 2667 est

234 2712 313 2769 ab
360 2732 432 2772 eo
457 2759 470 2786 ,
537 2720 606 2771 ut
649 2714 835 2772 ullam
878 2716 1237 2772 rationalem
1282 2720 1565 2771 naturam
1610 2714 1849 2786 penitus
1893 2712 2097 2784 perire
2142 2712 2320 2770 sinat.

241 2810 390 2876 Boe.
445 2818 580 2876 Non
626 2823 827 2890 potest
870 2818 1051 2876 aliter
1096 2823 1314 2889 putare
1347 2833 1448 2874 cor
1478 2816 1796 2874 rationale.
1854 2810 2015 2875 Ans.
2061 2816 2324 2875 Necesse

239 2924 334 2976 est
379 2938 552 2993 erg0,
601 2926 667 2978 ut
714 2921 787 2977 de
840 2921 1100 2978 humana
1145 2926 1367 2977 natura
1417 2919 1571 2991 quod
1618 2920 1845 2991 incepit
1874 2919 2168 2992 perficiat,
2216 2921 2327 2978 hoc

240 3029 446 3081 autem
491 3024 658 3095 fieri,
725 3025 882 3081 sicut
928 3023 1214 3093 diximUS,
1273 3024 1482 3094 nequit
1528 3023 1644 3079 nisi
1689 3040 1800 3095 per
1844 3024 2145 3095 integram
2189 3040 2323 3095 pec-

245 3128 364 3184 cati
429 3126 946 3198 satisfactionem,
1009 3143 1185 3199 quam
1247 3126 1447 3182 nullus
1507 3132 1791 3198 peccator
1850 3126 2055 3183 facere
2100 3133 2321 3197 potest.

248 3222 398 3289 Bos.
460 3229 762 3300 Intellego
807 3230 926 3286 iam
972 3245 1218 3287 necesse
1266 3245 1434 3301 esse,
1498 3235 1566 3286 ut
1613 3229 1759 3285 deus
1804 3224 2121 3301 perficiat²
2170 3229 2325 3301 quod

248 3331 504 3405 incepit,
584 3348 658 3388 ne
720 3332 901 3389 aliter
962 3350 1137 3405 quam
1203 3334 1419 3391 deceat
1476 3333 1760 3391 videatur
1821 3350 1857 3389 a
1920 3348 2025 3389 suo
2087 3332 2324 3404 incepto

247 3434 521 3494 deficere.

398 3687 785 3741 ⁸KLMNOP:
826 3690 1230 3758 coyvtoscz'tur.
1272 3719 1335 3725 —
1378 3685 1701 3739 ²KLNOP:
1739 3686 1962 3754 faciat.
