2775 4400
784 268 939 328 CUR
985 267 1194 328 DEUS
1240 267 1488 326 HOMO.
1535 269 1623 326 Π.
1668 288 1751 326 xl.
2236 273 2313 326 73

217 451 638 510 inmortalem.
725 454 922 524 Quare
990 469 1106 510 non
1168 452 1385 510 sufficit
1447 453 1527 511 ad
1590 448 2083 510 monstrandum¹
2145 435 2315 511 illum

165 599 170 606 .
216 555 527 613 hominem
576 556 793 614 debere
839 556 1152 612 mortalem
1199 571 1330 612 esse
1377 556 1510 627 hoc,
1559 556 1699 628 quia
1744 573 1924 614 verus
1969 557 2138 613 homo
2173 558 2308 614 erit.

215 653 374 718 Bos.
457 658 700 730 Quaere
773 676 920 732 ergo
988 663 1055 716 tu
1117 659 1299 716 aliam
1359 659 1694 731 rationem,
1771 660 1911 737 quia
1973 675 2085 732 ego
2145 657 2315 717 illam

213 763 425 821 nescio
495 763 551 820 si
607 768 673 820 tu
731 763 962 834 nesciS,
1028 778 1145 834 qua
1189 762 1294 819 ille
1339 763 1633 834 probetur
1676 779 1853 835 posse
1900 764 2069 820 mori.
2148 755 2309 822 Ana.

212 866 489 924 Dubium
539 883 656 924 non
703 872 815 937 est,
865 866 1005 938 quia
1052 866 1207 923 sicut
1255 865 1403 922 deus
1450 867 1583 938 erit,
1631 867 1721 923 ita
1766 861 2139 938 omnipotens
2172 867 2310 924 erit.

213 963 372 1029 Boe.
426 969 658 1028 Verum
705 975 815 1028 est.
864 961 1024 1028 Ana.
1074 968 1138 1027 Si
1187 985 1331 1041 ergo
1364 969 1547 1041 volet,
1594 970 1821 1042 poterit
1851 971 2108 1027 animam
2142 986 2312 1027 suam

209 1088 447 1144 ponere
518 1079 580 1130 et
639 1074 859 1131 iterum
906 1089 1158 1130 sumere.
1237 1067 1392 1132 Bos.
1464 1071 1528 1131 Si
1572 1073 1684 1130 hoc
1729 1090 1847 1130 non
1890 1079 2123 1145 potest,
2192 1089 2311 1130 non

213 1176 470 1234 videtur
522 1177 681 1249 quod
729 1177 810 1234 sit
855 1177 1247 1249 omnipotens.
1296 1168 1461 1234 Ans.
1507 1176 1748 1234 Poterit
1789 1177 1980 1248 igitur
2009 1193 2310 1249 nunquam

209 1281 366 1337 mori
431 1280 490 1336 si
546 1280 750 1352 volet,
825 1287 886 1337 et
929 1280 1156 1352 poterit
1199 1280 1350 1336 mori
1399 1285 1463 1336 et-
1505 1295 1847 1352 resurgere.
1923 1279 2060 1338 Sive
2107 1285 2309 1338 autem

212 1384 485 1441 animam
549 1400 717 1441 suam
775 1390 966 1456 ponat
1023 1383 1188 1441 nullo
1249 1383 1370 1440 alio
1433 1382 1732 1454 faciente,
1798 1384 1924 1441 sive
1986 1383 2313 1442 aliusshoc

210 1486 447 1560 faciat,
514 1494 583 1545 ut
629 1504 760 1545 eam
805 1492 992 1560 ponat
1036 1488 1167 1559 ipso
1215 1487 1637 1559 permittente,
1687 1491 1971 1559 quantum
2017 1488 2095 1544 ad
2141 1493 2307 1560 pote-

213 1595 440 1648 statem
488 1590 640 1649 nihil
688 1589 909 1648 differt.
983 1585 1136 1650 Bos.
1183 1591 1317 1648 Non
1365 1597 1460 1648 est
1509 1591 1768 1649 dubium.
1839 1583 1999 1650 Ans.
2049 1590 2113 1650 Si
2161 1608 2310 1665 ergo

211 1694 488 1752 voluerit
545 1695 932 1767 permittere,
1004 1695 1231 1766 poterit
1290 1695 1517 1766 occidi3
1596 1699 1658 1751 et
1718 1696 1770 1752 si
1826 1695 2119 1766 noluerit,
2190 1712 2309 1753 non

211 1798 467 1868 poterit.
549 1793 702 1858 Bos.
766 1798 864 1855 Ad
922 1798 1034 1856 hoc
1089 1814 1197 1855 nos
1243 1798 1757 1856 indeclinabiliter
1801 1799 2083 1871 perducit
2125 1799 2306 1856 ratio.

213 1899 383 1979 Ana,
446 1902 634 1960 Ratio
697 1918 928 1974 quoque
986 1918 1095 1959 nos
1156 1901 1393 1972 docuit,
1460 1901 1601 1973 quia
1650 1908 1890 1974 oportet
1936 1919 2067 1958 eum
2112 1903 2309 1958 maius

213 2003 452 2076 aliquid
513 2006 741 2063 habere
804 2022 980 2078 quam
1042 2005 1325 2077 quicquid
1381 2006 1489 2063 sub
1539 2006 1648 2063 deo
1696 2011 1823 2076 est,
1889 2004 2044 2077 quod
2092 2011 2309 2077 sponte

215 2106 318 2164 det
365 2115 432 2166 et
478 2125 598 2166 non
644 2125 718 2165 ex
764 2109 966 2166 debito
1015 2108 1125 2165 deo
1146 2103 1190 2166 ².
1240 2103 1395 2168 Bos.
1442 2109 1545 2167 Ita
1577 2115 1687 2168 est.
1738 2102 1897 2167 Ans.
1945 2109 2075 2166 Hoc
2106 2113 2319 2191 autem!

214 2226 328 2269 nec
373 2214 489 2271 sub
537 2213 662 2284 illo,
711 2229 822 2270 nec
868 2219 1045 2270 extra
1090 2213 1259 2270 illum
1305 2214 1567 2272 inveniri
1612 2218 1832 2287 potest.
1879 2208 2032 2273 Bos,
2081 2213 2306 2271 Verum

215 2320 325 2371 est.
375 2310 545 2375 Ans.
586 2317 660 2373 In
690 2317 820 2389 ipso
851 2317 1044 2389 igitur
1074 2317 1645 2375 inveniendum'est.
1695 2312 1847 2377 Bos.
1884 2318 1982 2375 Sic
2014 2316 2305 2389 sequitur.

215 2410 378 2477 Ans.
445 2420 576 2477 Aut
620 2419 810 2492 igitur
857 2420 1152 2492 seipsum,
1215 2426 1323 2477 aut
1369 2421 1600 2493 aliquid
1647 2421 1719 2478 d'e
1767 2437 1831 2477 se
1880 2420 2069 2478 dabit.
2148 2415 2305 2479 Bos·

213 2518 348 2603 Nqn
391 2538 638 2596 possum
686 2522 869 2580 aliter
912 2523 1289 2595 intellegere.
1339 2515 1501 2581 Ans.
1550 2524 1967 2594 Quaerendum
2004 2528 2095 2580 est
2124 2540 2303 2594 nunc,

215 2625 552 2683 cuiusmodi
598 2642 730 2710 esse
777 2626 1021 2684 debebit
1065 2627 1216 2684 haec
1262 2626 1427 2684 datio
1448 2621 1491 2683 ³.
1563 2627 1727 2685 Dare
1774 2643 2027 2699 namque
2075 2643 2138 2683 se
2186 2644 2304 2685 non

213 2730 447 2797 poterit
493 2730 625 2800 deo,
681 2734 788 2787 aut
833 2730 1066 2802 aliquid
1113 2730 1186 2787 de
1234 2746 1297 2787 se
1346 2730 1521 2802 quasi
1566 2747 1684 2787 non
1730 2731 1998 2800 habenti,
2046 2736 2114 2788 ut
2160 2746 2306 2787 suus

215 2830 314 2902 sit,
364 2834 649 2905 quoniam
696 2834 884 2891 omnis
933 2839 1214 2891 creatura
1262 2834 1360 2891 dei
1408 2814 1555 2891 ests
1591 2828 1745 2894 Bos.
1807 2833 1905 2893 Sic
1951 2839 2076 2892 est..
2138 2825 2301 2892 Αηε.

217 2930 314 2991 Sic
375 2952 527 3009 ergo
589 2937 1004 3010 intellegenda
1071 2943 1163 2995 est
1222 2938 1371 2995 haec
1430 2937 1631 3010 datio,
1696 2939 1836 3010 quia
1884 2938 2084 3010 aliquo
2131 2938 2304 2995 modo

217 3045 402 3106 ponet
464 3056 530 3097 se
585 3036 991 3098 ad'honorem
1041 3041 1173 3113 dei,
1246 3047 1353 3099 aut
1401 3041 1633 3114 aliquid
1679 3042 1751 3098 de
1800 3057 1897 3112 se,
1970 3057 2083 3113 quo
2127 3041 2304 3098 modo

219 3136 460 3200 debitor
504 3159 623 3201 non
671 3144 804 3200 erit.
871 3138 1025 3203 Boe.
1072 3144 1173 3202 Ita
1221 3145 1491 3216 sequitur
1539 3161 1613 3201 ex
1659 3160 1843 3216 supra
1891 3143 2089 3201 dictis,
2138 3135 2301 3202 Ans.

218 3238 281 3297 Si
342 3245 633 3318 dicimUS,
704 3248 844 3319 quia
907 3248 1079 3305 dabit
1141 3249 1404 3319 seipsum
1450 3248 1530 3305 ad
1577 3247 1971 3305 obediendum
2020 3247 2165 3318 deo,
2234 3253 2306 3304 ut

217 3355 689 3416 perseveranter
735 3350 1034 3409 servando
1081 3351 1381 3409 iusticiam
1430 3352 1651 3409 subdat
1696 3368 1759 3409 se
1805 3350 2108 3410 voluntati
2151 3350 2301 3422 eius,

365 3587 380 3618 ¹
407 3587 886 3640 ‘monstrandum
924 3585 1216 3654 KMNOP3
1280 3587 1380 3639 aL:
1446 3588 1999 3641 demonstrandum
2036 3618 2100 3625 —
2142 3586 2161 3619 ²
2185 3586 2303 3640 Cfr.

223 3678 389 3734 supra
425 3688 470 3723 c.
509 3671 608 3725 VI.
646 3704 711 3710 —
752 3676 772 3708 3
799 3674 884 3726 ita
921 3672 1158 3741 MKOP3
1197 3673 1297 3727 al.:
1335 3674 1483 3727 haec
1524 3674 1696 3727 datio
1736 3674 1971 3728 debebit
2006 3689 2153 3727 esse.
