2775 4400
623 294 793 369 CUR·
825 295 1032 354 DEUS
1080 295 1326 355 HOMO.
1372 297 1425 354 Ι.
1474 316 1623 354 xvn.
1672 317 1846 360 xvm.
2199 304 2279 358 35

210 493 452 534 numero
513 483 689 535 erunt
745 479 1012 536 homines
1073 461 1250 538 electi
1310 497 1487 552 quam
1549 485 1689 536 sunt
1748 481 1952 552 angeli
2011 484 2276 554 reprobi.

211 579 325 638 Sed
369 585 570 638 utrum
613 582 820 654 plures
863 581 1056 640 futuri
1100 583 1240 655 sint,
1289 583 1339 640 si
1382 588 1576 656 potes„
1626 583 1893 642 ostende.
2012 576 2018 586 ’

379 762 664 832 XVIII.
730 763 890 830 Ans.
962 771 1024 830 Si
1085 772 1325 844 angeli,
1391 779 1713 844 antequam
1760 773 1998 845 quidam
2045 774 2281 832 illorum

212 871 533 944 caderent,
597 880 774 932 erant
832 875 894 932 in
953 874 1056 932 illo
1117 875 1387 947 perfeeto
1437 877 1509 932 de
1557 893 1669 948 quo
1717 876 1971 934 diximus
2016 893 2283 950 numero,

211 991 325 1032 non
387 983 530 1034 sunt
587 976 855 1035 homines
914 977 1066 1037 faeti
1121 979 1237 1036 nisi
1282 986 1393 1051 pro
1438 979 1884 1037 restauratione
1932 980 2283 1052 angelorum

209 1079 616 1151 perditorum3
681 1087 743 1138 et
785 1081 987 1153 palam
1035 1087 1145 1152 est,
1195 1082 1334 1154 quia
1380 1099 1495 1139 non
1544 1089 1721 1140 erunt
1764 1082 1967 1154 plures
2014 1083 2155 1141 illis.
2219 1084 2284 1142 Si

211 1187 407 1239 autem
453 1183 558 1240 ille
603 1200 883 1241 numerus
927 1201 1043 1242 non
1091 1190 1226 1242 erat
1269 1186 1332 1242 in
1378 1185 1502 1242 illis
1544 1187 1811 1243 omnibus
1844 1186 2101 1258 angeliS,
2152 1203 2283 1245 oon·

211 1284 497 1356 plendum
559 1293 650 1344 est
711 1287 784 1344 de
830 1288 1166 1346 hominibus
1215 1294 1275 1346 et
1321 1289 1476 1360 quod
1522 1290 1741 1360 periit,
1808 1295 1870 1346 et
1914 1290 2070 1362 quod
2115 1291 2285 1363 prius

211 1363 456 1460 deerat,
521 1395 582 1446 et
642 1397 820 1448 erunt
879 1391 1056 1448 electi
1114 1392 1380 1450 homines
1434 1393 1639 1464 plures
1684 1394 1961 1464 reprobis
2007 1393 2276 1466 angelis3

211 1497 270 1548 et
314 1492 402 1550 sio
450 1493 734 1564 dicemuS,
780 1495 920 1565 quia
967 1511 1084 1551 non
1129 1495 1378 1552 fuerunt
1424 1495 1689 1552 homines
1734 1495 1886 1553 facti
1930 1501 2165 1554 tantum
2205 1497 2284 1554 ad

208 1597 676 1653 restaurandum
745 1613 1053 1655 numerum
1120 1599 1509 1669 inminutum,
1580 1599 1685 1657 sed
1756 1593 1937 1656 etiar’n
2007 1599 2085 1657 ad
2151 1616 2283 1672 per·

209 1696 525 1756 finiendum
571 1699 829 1757 nondum
876 1701 1231 1780 perfeetum.
1295 1696 1449 1760 Bos.
1513 1701 1667 1772 Quid
1712 1704 1916 1774 potius
1962 1703 2283 1761 tenendum

213 1807 320 1872 est,
369 1819 447 1860 an
498 1802 704 1874 angeli
748 1805 918 1874 prius
963 1805 1114 1862 facti
1147 1805 1360 1862 sintin
1393 1821 1637 1862 numero
1668 1788 1962 1878 perfecto,
2012 1823 2086 1862 an
2120 1823 2233 1864 non
2256 1809 2284 1862 ?

211 1900 369 1963 Ans.
451 1905 619 1976 Quod
680 1907 821 1964 mihi
870 1908 1109 1966 videtur
1156 1908 1367 1965 dicam.
1445 1902 1599 1966 Bos.
1678 1899 1817 1964 Non'
1854 1924 2093 1978 possum
2139 1925 2175 1965 a
2224 1915 2284 1965 te

211 2006 344 2078 plus
391 2009 660 2082 exigere.
710 2004 868 2069 Ans.
919 2010 982 2069 Si
1026 2011 1196 2068 homo
1237 2010 1439 2068 factus
1472 2016 1565 2068 est
1596 2016 1734 2082 post
1764 2025 1965 2067 casum
1997 2011 2285 2068 malorum

213 2112 586 2184 angelorum,
651 2115 808 2171 siout
853 2114 1092 2186 quidam
1140 2114 1505 2186 intellegunt
1548 2115 1610 2172 in
1660 2113 1900 2186 Genesi,
1949 2131 2065 2171 non
2111 2114 2285 2173 video

211 2232 386 2285 posse
464 2234 557 2274 me
632 2234 742 2290 per
800 2218 912 2275 hoo
969 2219 1231 2291 probare
1293 2218 1551 2276 alterum
1605 2218 1813 2276 horum
1870 2218 2284 2277 determinate.

214 2307 431 2376 Potest
479 2322 666 2391 enim,
730 2329 798 2379 ut
841 2330 1021 2394 puto,
1071 2338 1237 2393 esse,
1287 2322 1442 2394 quod
1490 2322 1693 2394 angeli
1739 2323 1909 2395 prius
1953 2321 2183 2379 fuerint
2228 2324 2289 2379 in

214 2437 460 2480 numero
505 2425 798 2497 perfecto,
847 2426 1166 2498 et-'postea
1213 2420 1416 2483 factus
1462 2426 1542 2483 sit
1572 2425 1742 2482 homo
1773 2430 2025 2497 propter
2056 2432 2287 2483 restau-

214 2526 467 2583 randum
527 2528 878 2586 inminutum
927 2545 1129 2589 eornm
1175 2545 1514 2599 numerum;
1596 2533 1656 2585 et
1699 2533 1901 2600 potest
1933 2544 2083 2598 esse,
2134 2529 2289 2600 quod

217 2644 327 2685 non
374 2630 610 2692 fuerint
650 2633 711 2689 in
759 2650 1001 2691 numero
1048 2632 1341 2705 perfeeto,
1392 2632 1551 2703 quia·
1579 2629 1902 2687 differebat
1944 2630 2089 2688 deus
2134 2631 2293 2688 sicut

218 2731 411 2792 adhuc
458 2734 695 2806 differt,
757 2736 923 2793 illum
967 2735 1201 2807 inplere
1247 2751 1587 2803 numerum,
1644 2734 1922 2791 facturus
1968 2734 2288 2791 humanam

217 2842 497 2894 naturam
544 2854 648 2895 suo
694 2844 982 2911 tempore.
1032 2838 1202 2897 Unde
1249 2845 1356 2896 aut
1403 2837 1762 2895 solummodo
1809 2854 2116 2895 numerum
2150 2855 2288 2895 non·

221 2937 354 2996 dum
400 2940 703 3013 integrum
749 2943 1087 3015 perficeret,
1137 2948 1243 3000 aut
1289 2943 1471 2999 etiam
1506 2935 1567 2998 'si
1612 2942 2001 3012 minueretur,
2049 2942 2291 2999 restitu-

221 3051 366 3101 eret.
445 3043 508 3103 Si
553 3052 752 3103 autem
799 3052 930 3103 tot-a
976 3051 1258 3103 ereatura
1306 3045 1480 3101 simul
1524 3043 1693 3103 facta
1742 3051 1870 3116 est,
1921 3051 1982 3102 et
2028 3044 2155 3101 dies
2200 3045 2292 3102 illi

219 3145 280 3200 in
339 3148 555 3219 quibus
603 3148 841 3221 Moyses
902 3151 1081 3205 istum
1141 3148 1420 3206 mundum
1482 3135 1599 3205 non
1664 3148 1838 3204 simul
1886 3164 2017 3205 esse
2065 3147 2291 3204 factum

223 3248 459 3308 videtur
507 3250 726 3333 dicere,
777 3253 957 3310 aliter
989 3258 1128 3309 sunt
1158 3251 1575 3323 intellegendi,
1624 3268 1799 3323 quam
1834 3252 1991 3308 sicut
2021 3250 2294 3307 videmus

221 3351 364 3411 istos
412 3354 542 3412 dies
586 3355 646 3411 in
695 3356 908 3427 quibus
955 3356 1238 3414 vivimus:
1296 3354 1655 3426 intellegere
1700 3370 1950 3426 neque0,
2001 3352 2294 3425 quomodo

222 3454 367 3514 facti
431 3458 552 3514 sint
611 3458 817 3531 angeli
878 3460 938 3517 in
999 3458 1102 3516 illo
1158 3453 1440 3531 integro¹
1487 3474 1749 3515 numer0.
1830 3456 2061 3529 Quippe
2108 3456 2159 3513 si
2206 3457 2295 3513 ita

370 3695 379 3724 ¹
401 3692 472 3744 al.
489 3710 501 3743 :
533 3693 828 3761 perfecto,
