2775 4400
464 224 542 277 32
1331 219 1695 278 ANSELMI

460 410 586 462 tum
627 405 690 460 in
733 404 867 476 ipsa
915 410 1040 474 est,
1107 407 1330 462 servat.
1410 403 1555 461 Cum
1598 419 1743 460 vero
1789 419 1906 460 non
1952 403 2084 460 vult
2130 403 2285 476 quod
2332 403 2529 476 debet,

463 507 668 577 deum,
741 513 1025 579 quantum
1095 507 1172 564 ad
1229 507 1398 564 illam
1459 506 1759 579 pertinet,
1828 507 2185 578 inhonorat,
2256 507 2531 579 quoniam

461 627 577 668 non
639 627 702 667 se
762 616 974 682 sponte
1037 609 1240 668 subdit
1294 610 1461 667 illius
1520 609 1931 682 dispositioni3
2010 616 2073 666 et
2116 610 2535 668 universitatis

463 713 726 771 ordinem
777 719 839 770 et
882 712 1408 786 pulchritudinem,
1476 719 1763 785 quantum
1810 713 1871 771 in
1916 729 1981 770 se
2030 718 2143 784 est,
2190 715 2532 785 perturbat,

461 817 606 874 licet
665 823 1026 890 potestatem
1083 823 1191 874 aut
1237 815 1595 888 dignitatem
1644 816 1740 873 dei
1784 816 2131 874 nullatenus
2173 816 2386 874 laedat
2430 824 2537 874 aut

464 920 786 978 decoloret.
836 919 901 979 Si
934 920 1087 977 enim
1123 936 1194 977 ea
1227 936 1380 992 quae
1416 919 1569 976 caeli
1602 920 1830 978 ambitu
1864 920 2263 991 continentur,
2310 920 2539 978 vellent

464 1041 578 1081 non
613 1024 885 1080 esse-sub
919 1023 1105 1094 cae10,
1155 1028 1263 1080 aut
1295 1023 1571 1096 elongari
1603 1040 1639 1080 a
1674 1023 1860 1094 caele,
1908 1003 2251 1080 nullatenus
2292 1031 2543 1096 possent

464 1127 579 1185 nisi
623 1127 731 1184 sub
781 1127 948 1185 caelo
995 1143 1147 1197 esse,
1196 1143 1305 1184 nec
1337 1127 1554 1198 fugere
1588 1127 1817 1184 caelum
1849 1127 1965 1184 nisi
1999 1125 2539 1200 adpropinquando

465 1231 650 1289 caele.
699 1231 853 1288 Nam
900 1237 962 1288 et
1005 1231 1162 1288 unde
1211 1237 1271 1287 et
1318 1247 1431 1303 quo
1480 1237 1541 1288 et
1586 1247 1702 1303 qua
1734 1231 1912 1301 irent,
1961 1231 2068 1288 sub
2102 1230 2269 1288 caelo
2302 1238 2537 1303 essent3

465 1341 528 1392 et
569 1338 792 1407 quanto
837 1335 1031 1406 magis
1077 1351 1113 1392 a
1161 1334 1432 1406 qualibet
1477 1333 1630 1392 caeli
1662 1337 1839 1406 parte
1872 1334 2321 1406 elongarentur,
2366 1341 2541 1394 tanto

464 1439 661 1510 magis
707 1438 1022 1510 oppositae
1066 1439 1232 1510 parti
1279 1437 1857 1510 adpropinquarent.
1905 1437 2005 1494 Ita
2052 1439 2323 1509 quamvis
2368 1439 2541 1496 homo

466 1541 564 1599 vel
604 1541 796 1599 malus
837 1541 1090 1613 angelus
1125 1541 1367 1598 divinae
1402 1540 1701 1598 voluntati
1736 1547 1797 1598 et
1830 1540 2192 1598 ordinationi
2224 1542 2543 1600 subiacere

467 1645 635 1716 nolit,
684 1661 801 1702 non
847 1651 1046 1702 tamen
1093 1660 1224 1702 eam
1269 1643 1486 1716 fugere
1533 1644 1719 1714 valet,
1768 1645 1908 1716 quia
1954 1645 2005 1700 si
2046 1644 2178 1701 vult
2216 1645 2434 1718 fugere
2467 1647 2541 1703 de

467 1749 575 1806 sub
638 1749 950 1806 voluntate
1010 1748 1254 1805 iubente
1275 1792 1290 1818 ‚
1354 1749 1545 1806 currit
1602 1748 1710 1805 sub
1758 1747 2128 1805 voluntatem
2173 1749 2540 1820 punientem.

361 1893 364 1898 -
468 1853 550 1910 Et
595 1853 646 1909 si
693 1852 952 1925 quaeris,
1001 1868 1118 1924 qua
1165 1852 1411 1922 transit,
1460 1867 1577 1909 non
1622 1851 1739 1910 nisi
1786 1851 1893 1908 sub
1940 1850 2253 1909 voluntate
2296 1853 2541 1924 permit-

468 1962 668 2026 tente3
719 1961 781 2013 et
823 1956 934 2013 hoc
979 1956 1191 2028 ipsum,
1241 1954 1399 2027 quod
1445 1971 1731 2027 perverse
1777 1954 1910 2011 vult
1954 1960 2062 2012 aut
2106 1955 2259 2027 agit,
2306 1955 2370 2012 in
2414 1956 2543 2012 uni-

469 2059 780 2117 versitatis
836 2059 1158 2131 praefatae
1206 2058 1474 2115 ordinem
1523 2064 1583 2115 et
1628 2057 2129 2130 pulchritudinem
2177 2074 2404 2116 summa
2451 2075 2544 2116 sa-

468 2163 698 2236 pientia
777 2163 1092 2220 convertit.
1182 2161 1330 2235 Ipsa
1406 2177 1659 2234 namque
1720 2161 2144 2235 perversitatis
2207 2168 2545 2235 spontanea

470 2266 831 2337 satisfacti0‚
882 2266 977 2323 vel
1023 2283 1058 2323 a
1105 2282 1221 2324 non
1266 2266 1685 2324 satisfaciente
1725 2283 1955 2339 poenae
1990 2268 2243 2337 exacti0,
2292 2273 2543 2339 excepto

469 2370 612 2443 hoc,
690 2372 830 2443 quia
903 2370 1050 2427 deus
1111 2370 1185 2427 de
1245 2370 1422 2428 malis
1486 2370 1689 2427 multis
1751 2370 1941 2427 modis
2000 2371 2159 2428 bona
2220 2369 2403 2441 facit,
2480 2372 2543 2428 in

472 2474 677 2533 eadem
724 2474 1120 2532 universitate
1168 2489 1337 2530 suum
1383 2468 1633 2530 tenent²
1679 2473 1872 2532 locum
1921 2479 1982 2529 et
2028 2472 2255 2530 ordinis
2286 2472 2541 2546 pulchri-

468 2577 755 2635 tudinem.
819 2578 978 2647 Quas
1025 2578 1075 2635 si
1113 2577 1331 2635 divina
1379 2578 1701 2649 sapientia,
1750 2577 1852 2635 ubi
1897 2578 2271 2649 perversitas
2314 2582 2541 2635 rectum

425 2748 428 2753 Ι
473 2679 737 2737 ordinem
796 2681 1156 2753 perturbare
1219 2681 1471 2751 nititur,
1536 2697 1651 2738 non
1712 2680 2003 2750 adderet,
2066 2680 2241 2737 fieret
2296 2681 2358 2737 in
2410 2682 2545 2753 ipsa

471 2783 868 2842 universitate
912 2801 1088 2855 quam
1135 2784 1282 2841 deus
1330 2784 1510 2841 debet
1542 2784 1841 2854 ordinare,
1892 2782 2184 2856 quaedam
2217 2800 2292 2842 ex
2318 2784 2547 2843 violata

473 2885 700 2944 ordinis
746 2886 1192 2959 pulchritudine
1240 2886 1598 2944 deformitas
1646 2893 1707 2944 et
1741 2887 1887 2944 deus
1917 2888 1979 2944 in
2012 2903 2123 2944 sua
2156 2887 2545 2960 dispositione

473 2988 784 3046 videretur
845 2989 1114 3047 deficere.
1194 2989 1358 3060 Quae
1424 2990 1537 3047 duo
1602 2990 1879 3062 quoniam
1943 2991 2099 3048 sicut
2158 2997 2297 3048 sunt
2348 2991 2544 3048 incon-

473 3093 799 3163 venientia,
860 3094 950 3151 ita
998 3098 1136 3151 sunt
1180 3093 1582 3166 inpossibilia,
1631 3110 1879 3156 necesse
1926 3099 2037 3165 est,
2089 3100 2156 3151 ut
2201 3110 2369 3151 omne
2412 3110 2543 3166 pec—

475 3201 668 3253 catum
700 3246 705 3252 .
733 3197 1072 3255 satisfactio
1135 3203 1243 3255 aut
1303 3213 1499 3269 poena
1562 3202 1870 3269 sequatur.
1948 3191 2101 3256 Bos.
2173 3196 2549 3255 'Satisfecisti

475 3300 798 3358 obiectioni
842 3317 1027 3358 meae.
1077 3293 1236 3359 Ans.
1287 3300 1501 3358 Palam
1550 3301 1739 3373 igitur
1780 3306 1891 3372 est,
1942 3301 2081 3373 quia
2126 3301 2317 3373 deum,
2366 3317 2547 3373 quan-

474 3409 598 3461 tum
643 3405 703 3461 in
751 3406 882 3475 ipso
931 3410 1057 3475 est,
1121 3404 1320 3461 nullus
1366 3410 1571 3477 potest
1615 3405 1949 3476 honorare,
2000 3405 2095 3462 vel
2143 3405 2545 3475 exhonorare3

622 3621 636 3653 ¹
658 3618 862 3672 KLNP
877 3639 900 3705 t.
930 3624 1103 3674 tenet.
