2775 4400
747 237 902 297 our„
947 204 1162 298 nnus
1203 238 1452 298 HOMO.
1498 239 1583 297 11.
1634 257 1784 298 xvn.
2234 246 2311 298 91

195 421 522 494 quicquid
588 421 856 478 futurum
919 428 1044 493 est,
1107 437 1355 480 necesse
1417 427 1510 499 est
1562 422 1829 481 futurum
1879 438 2011 480 esse
2038 417 2074 479 ¹.
2150 423 2321 481 Haec

194 531 299 582 est
361 525 498 582 illa.
551 526 919 596 necessitaS,
985 541 1140 597 quae
1185 525 1288 582 ubi
1333 531 1566 584 tractat
1610 521 2019 584 Aristoteles²
2066 525 2140 584 de
2184 543 2318 599 pro-

191 629 646 700 positionibus
715 629 1126 700 singularibus
1197 634 1258 685 et
1323 627 1584 700 futuris,
1662 629 1903 687 videtur
1969 629 2322 688 utrumlibet

195 731 560 788 destruere
619 736 682 789 et
727 731 921 788 omnia
969 747 1100 788 esse
1147 747 1221 788 ex
1263 732 1631 789 necessitate
1677 738 1971 789 astruere.
2048 732 2183 790 Hac
2228 711 2314 790 se-

30 736 38 964 )
194 835 430 906 quenti
513 841 577 892 et
635 835 785 892 nihil
845 833 1124 892 efficienti
1181 836 1582 906 necessitate,
1652 835 1930 908 quoniam
1990 851 2137 894 vera
2197 836 2316 894 fuit

28 966 34 1064 κ
189 939 404 1011 fides,
463 939 576 998 vel
619 938 942 1011 prophetia
989 938 1062 995 de
1108 938 1374 1009 Christ0,
1425 939 1526 1010 qui
1574 955 1647 996 ex
1693 939 2034 1010 voluntate,
2082 956 2199 997 non
2245 957 2319 996 ex

191 1043 614 1100 necessitate
658 1042 984 1099 moriturus
1032 1047 1192 1114 erat,
1241 1059 1486 1100 necesse
1531 1042 1651 1100 fuit
1693 1053 1763 1100 ut
1808 1043 1906 1110 sic
1940 1049 2133 1115 esset3
2204 1044 2319 1101 hac

26 1066 34 1282 ἑ
191 1143 390 1204 homo
447 1147 664 1204 factus
711 1153 823 1217 est,
871 1147 986 1204 hac
1030 1145 1180 1204 fecit
1226 1153 1288 1203 et
1330 1163 1549 1218 passus
1596 1152 1689 1203 est
1734 1147 2017 1219 quicquid
2062 1147 2211 1204 fecit
2257 1154 2319 1204 et

193 1266 449 1321 passus
518 1255 646 1321 est,
707 1250 822 1308 hac
869 1249 1059 1306 voluit
1103 1266 1493 1322 quaecunque
1539 1251 1745 1308 voluit.
1822 1251 1969 1308 Ideo
2018 1251 2171 1307 enim
2218 1266 2316 1306 ne·
2416 1267 2419 1270 ·

195 1354 530 1412 cessitate
577 1353 826 1411 fuerunt
871 1354 1011 1425 quia
1057 1352 1266 1410 futura
1313 1360 1525 1424 erant,
1593 1360 1654 1410 et
1696 1353 1907 1417 futura
1955 1360 2131 1411 erant
2178 1355 2318 1426 quia

195 1455 522 1527 fuerunt,
581 1462 642 1514 et
686 1456 933 1514 fuerunt
979 1456 1122 1529 quia
1166 1456 1446 1528 fuerunt3
1518 1465 1579 1514 et
1625 1459 1675 1514 si
1723 1458 1815 1514 vis
1862 1458 2115 1515 omnium
2162 1473 2317 1529 quae

196 1559 372 1618 fecit
427 1567 497 1618 et
544 1575 696 1632 quae
742 1575 958 1632 passus
1006 1565 1130 1631 est,
1193 1577 1399 1618 veram
1446 1561 1599 1618 scire
1646 1561 2101 1630 necessitatem,
2167 1560 2317 1618 scito

200 1665 434 1722 omnia
485 1680 562 1720 ex
605 1664 976 1720 necessitate
1022 1663 1232 1735 fuisse,
1281 1664 1421 1735 quia
1466 1665 1596 1736 ipse
1644 1664 1855 1722 voluit.
1927 1664 2316 1722 Voluntatem

204 1782 369 1825 vero
445 1768 578 1824 eius
638 1767 804 1824 nulla
859 1767 1196 1839 praecessit
1252 1767 1605 1824 necessitas
1684 1766 1882 1838 Quare
1929 1768 1980 1823 si
2024 1761 2317 1823 fueruut²³

206 1871 339 1928 nisi
415 1862 561 1956 Quia
619 1871 750 1944 ipse
811 1869 1036 1941 voluit,
1100 1870 1152 1926 si
1197 1885 1316 1927 non
1361 1870 1656 1940 voluisset
1699 1886 1816 1927 non
1861 1871 2139 1927 fuissent.
2218 1869 2317 1928 Sic

203 1974 444 2048 itaque
507 1991 676 2032 nemo
736 1973 880 2061 tulit
938 1975 1195 2031 animam
1258 1974 1386 2030 eius
1449 1975 1523 2031 ab
1585 1973 1725 2046 illo,
1788 1973 1895 2030 sed
1940 1974 2069 2046 ipse
2114 1973 2319 2044 posuit

212 2093 362 2136 eam
419 2085 484 2136 et
511 2079 730 2146 iterum
763 2078 1017 2150 sumpsit
1048 2094 1198 2148 eam,
1247 2079 1387 2150 quia
1418 2083 1783 2150 potestatem
1815 2077 2027 2135 habuit
2055 2077 2317 2149 ponendi

213 2181 500 2241 animam
564 2198 731 2240 suam
794 2187 855 2239 et
913 2182 1133 2239 iterum
1180 2181 1452 2240 sumendi
1500 2199 1663 2253 eam,
1728 2182 1885 2240 sicut
1928 2183 2058 2254 ipse
2106 2181 2252 2240 dicit
2270 2177 2313 2238 ⁴.

218 2279 392 2345 Bos.
461 2286 827 2343 Satisfecisti
886 2286 1065 2357 m-ihi,
1125 2286 1293 2343 illum
1353 2304 1471 2344 non
1531 2302 1707 2358 posse
1752 2287 1999 2358 probari
2045 2286 2170 2343 ulla
2217 2303 2314 2343 ne—

219 2392 532 2447 cessitate
576 2396 824 2447 mortem
873 2390 1124 2459 subisse,
1175 2406 1286 2447 nec
1330 2407 1424 2447 me
1468 2392 1763 2462 paenitet,
1812 2395 1879 2448 ut
1923 2390 2034 2447 hoc
2079 2389 2317 2447 faceres

221 2491 626 2565 inportunum
702 2494 816 2550 tibi
885 2493 1209 2550 exstitisse.
1289 2486 1448 2551 Ans.
1520 2493 1939 2565 OstendimuS‚
2014 2498 2082 2549 ut
2147 2497 2312 2565 puto,

30 2629 33 2655 ι
227 2604 470 2654 certam
515 2598 829 2668 rationem,
879 2596 1166 2669 quomodo
1216 2597 1361 2654 deus
1408 2596 1805 2668 assumpserit
1848 2596 2141 2654 hominem
2188 2598 2315 2653 sine

26 2670 31 2791 J
226 2705 489 2770 peccato
553 2700 626 2757 de
683 2716 885 2758 massa
946 2700 1316 2772 peccatrice,
1381 2699 1489 2757 sed
1552 2716 1929 2772 nequaquam
1975 2700 2315 2773 negandum

28 2802 29 2806 ’
233 2800 562 2862 existimo⁵
609 2803 792 2861 aliam
841 2820 971 2860 esse
1019 2809 1265 2876 praeter
1309 2794 1490 2861 istam
1532 2820 1707 2876 quam
1742 2803 2017 2876 diximuS,
2066 2810 2315 2877 excepto

229 2904 348 2965 hoc
408 2908 548 2979 quia
611 2908 756 2965 deus
810 2907 1017 2965 facere
1065 2913 1299 2980 potest,
1364 2907 1521 2980 quod
1566 2908 1819 2965 hominis
1865 2909 2023 2965 ratio
2072 2925 2315 2981 conpre-

171 2996 181 3005 ’
231 3008 504 3068 hendere
566 3028 683 3068 non
727 3016 948 3083 potest.
1018 3011 1241 3069 Verum
1289 3012 1567 3084 quoniam
1616 3016 1677 3067 et
1720 3012 1841 3069 ista
1885 3011 2029 3069 mihi
2074 3012 2317 3070 videtur

389 3299 400 3331 ¹
421 3298 708 3366 futurum
746 3302 875 3351 esse
912 3295 1286 3366 KMO3'ma1e
1311 3297 1442 3351 alii:
1476 3297 1767 3366 futurum
1788 3297 2006 3366 fuisse.
2043 3328 2107 3345 .--
2149 3298 2315 3351 ²Ari-

235 3383 478 3437 stoteles
514 3388 636 3449 περὶ
673 3388 960 3449 ἑρμηνείας
997 3400 1042 3437 c.
1079 3385 1140 3438 9:
1204 3387 1395 3448 ,,οὐδὲν
1436 3386 1562 3435 οὔτε
1600 3387 1741 3435 ἔστιν
1780 3385 1906 3435 οὔτε
1943 3388 2150 3451 γίνεται
2190 3387 2315 3437 οὔτε

239 3472 350 3521 ἀπὸ
398 3472 572 3537 τύχης
607 3471 728 3521 οὔθ’
768 3472 986 3535 ὁπότερ’
1025 3473 1242 3537 ἔτυχεν,
1293 3472 1419 3521 οὐδὲ
1458 3472 1683 3536 ἓσταιζῆ
1726 3472 1826 3521 οὐκ
1864 3474 2047 3534 ἔσται,
2086 3472 2209 3523 ἀλλ’
2248 3474 2315 3533 ἐξ

237 3558 565 3624 ἀνάγκης
606 3559 822 3607 ἅπαντα
859 3561 956 3610 καὶ
995 3559 1095 3624 οὐχ
1133 3558 1351 3621 ὖπότερ’
1390 3560 1631 3623 ἔτυχενίῑ.
1673 3588 1738 3595 -
1778 3557 2009 3611 ³delevi
2035 3573 2157 3611 non
2184 3562 2314 3612 ante

235 3642 514 3709 fuerunt.
543 3673 605 3679 —
633 3644 655 3676 ⁴
677 3642 792 3695 Cfr.
813 3642 927 3695 Ioh.
953 3643 1140 3708 10,18.
1170 3674 1231 3680 —
1261 3646 1281 3677 ⁵
1302 3644 1587 3697 existimo
1609 3642 2019 3710 KMNOP3a1.:
2043 3646 2316 3699 aestimo.
