2775 4400
511 317 675 376 CUR
722 319 929 378 DEUS
977 318 1223 377 HOMO.
1271 319 1322 375 I.
1369 337 1494 376 XXI.
1546 338 1696 375 xxn.
1746 338 1921 377 xxm.
2187 325 2264 377 51

205 503 394 570 potest
436 501 514 558 ad
563 501 1034 572 beatitudinem,
1092 502 1232 573 quia
1278 519 1395 559 non
1442 502 1640 559 debet.
1721 496 1875 560 Bos.
1939 501 2129 560 Nimis
2178 508 2273 560 est

203 603 398 672 gravis
441 603 599 662 haec
648 606 966 662 sententia.

357 800 623 873 XXII:
697 803 856 870 Ans.
918 811 1080 869 Audi
1126 811 1322 869 adhuc
1369 810 1571 883 aliud,
1636 827 1741 869 cur
1788 828 1903 870 non
1950 812 2142 869 minus
2190 813 2271 870 sit

200 909 427 969 difficile
474 913 776 972 hominem
824 911 1211 973 reconciliari
1257 915 1385 972 deo.
1437 909 1591 973 Bos.
1640 914 1772 972 Nisi
1818 915 1967 972 fides
2012 932 2102 972 me
2138 933 2267 973 con-

199 1013 528 1087 solaretur,
593 1017 708 1076 hoc
766 1017 955 1075 solum
1019 1023 1267 1090 cogeret
1311 1034 1402 1075 me
1451 1018 1797 1090 desperare.
1876 1010 2035 1077 Ans.
2106 1019 2270 1077 Audi

198 1122 403 1175 tamen.
483 1115 646 1180 Bos,
708 1121 841 1179 Dic.
920 1114 1079 1180 Ans.
1143 1121 1331 1179 Homo
1392 1122 1453 1178 in
1506 1122 1795 1194 paradiso
1844 1122 1971 1178 sine
2017 1129 2269 1196 peccato

197 1217 386 1278 factus
446 1225 630 1296 quasi
675 1225 908 1297 positus
957 1231 1050 1282 est
1093 1241 1203 1297 pro
1255 1225 1364 1282 deo
1413 1226 1571 1282 inter
1620 1225 1791 1282 deum
1840 1231 1901 1282 et
1948 1226 2267 1297 diabolum,

197 1327 260 1378 ut
309 1325 592 1384 vinceret
649 1327 950 1385 diabolum
996 1345 1112 1385 non
1161 1314 1586 1386 consentiendo
1634 1329 1913 1386 suadenti
1956 1337 2269 1401 peccatum

198 1425 269 1481 ad
314 1431 770 1488 excusationem
817 1437 879 1488 et
921 1432 1203 1489 honorem
1252 1431 1347 1488 dei
1381 1437 1442 1488 et
1474 1432 1551 1489 ad
1586 1431 1988 1489 confusionem
2024 1432 2268 1506 diaboli,

201 1544 318 1586 cum
376 1531 486 1590 ille
551 1533 842 1591 infirmior
902 1535 965 1591 in
1026 1540 1194 1592 terra
1258 1551 1372 1591 non
1432 1513 1717 1607 peccaret
1779 1535 1985 1592 eodem
2033 1536 2271 1594 diabolo

199 1632 520 1705 suadente,
573 1638 673 1710 qui
719 1637 938 1694 fortior
981 1639 1260 1710 peccavit
1303 1638 1364 1694 in
1412 1638 1576 1695 caelo
1624 1639 1785 1696 nullo
1834 1639 2160 1712 suadente,
2210 1647 2273 1698 et

201 1750 320 1792 cum
379 1737 495 1797 hoc
557 1741 742 1799 facile
803 1747 1009 1813 posset
1072 1741 1338 1812 efficere,
1403 1741 1569 1798 nulla
1625 1743 1686 1800 vi
1743 1749 1985 1799 coactus
2031 1744 2159 1800 sola
2206 1761 2271 1801 se

199 1841 472 1900 suasione
536 1849 748 1916 sponte
808 1845 968 1903 vinci
1027 1837 1302 1917 permisit
1364 1844 1443 1901 ad
1506 1844 1873 1902 voluntatem
1939 1845 2164 1903 diaboli
2211 1853 2275 1903 et

202 1951 402 2002 contra
471 1948 848 2006 voluntatem
921 1953 982 2005 et
1040 1949 1321 2004 honorem
1384 1948 1501 2004 dei.
1591 1942 1743 2006 Bos,
1812 1947 1909 2005 Ad
1976 1948 2116 2020 quid
2178 1950 2273 2007 vis

200 2048 489 2108 tendere?
550 2045 710 2110 Ans.
757 2052 970 2110 Iudica
1015 2058 1081 2110 tu
1128 2053 1278 2124 ipse,
1329 2053 1380 2108 si
1427 2069 1548 2113 non,
1591 2059 1690 2109 est
1736 2059 1945 2109 contra
1989 2053 2271 2110 honorem

205 2147 324 2223 dei,
387 2161 458 2213 ut
503 2156 677 2214 homo
722 2156 1144 2215 reconcilietur
1189 2157 1280 2214 illi
1328 2173 1459 2214 cum
1506 2156 1805 2214 calumnia
1848 2155 2026 2213 huius
2073 2162 2269 2215 contu-

202 2256 407 2317 meliae
471 2261 586 2318 deo
647 2262 994 2333 irrogatae,
1059 2261 1173 2317 nisi
1233 2261 1403 2332 prius
1462 2260 1854 2317 honoraverit
1914 2261 2085 2318 deum
2129 2262 2269 2320 >vin-

206 2360 380 2419 cendo
439 2364 777 2435 diabolum,
842 2365 999 2421 sicut
1042 2364 1425 2422 inhonoravit
1470 2363 1637 2420 illum
1684 2364 1878 2421 victus
1926 2380 1961 2421 a
2011 2363 2272 2421 diabolo.

205 2457 469 2525 Victoria
521 2484 661 2527 vero
709 2468 852 2524 talis
900 2467 1080 2525 debet
1126 2484 1276 2538 esse,
1325 2473 1393 2524 ut
1439 2467 1594 2524 sicut
1638 2467 1817 2523 fortis
1864 2484 1936 2523 ac
1966 2473 2271 2539 potestate

206 2563 540 2629 inmortalis
588 2573 890 2630 consensit
934 2571 1118 2629 facile
1167 2570 1405 2627 diabolo
1452 2577 1519 2628 ut
1561 2576 1864 2641 peccaret,
1912 2570 2069 2627 unde
2115 2569 2274 2627 iuste

210 2669 457 2733 incurrit
503 2692 754 2747 poenam
781 2658 1213 2746 mortalitati&
1261 2675 1348 2731 ita
1396 2674 1661 2731 infirmus
1703 2679 1761 2730 et
1793 2674 2083 2744 mortaliS,
2132 2690 2272 2745 qua-

209 2771 315 2832 lem
356 2779 491 2852 ipse
537 2795 600 2836 se
646 2778 815 2849 fecit,
862 2796 971 2851 per
1017 2779 1224 2836 mortis
1275 2777 1684 2836 difficultatem
1735 2778 1940 2834 vincat
1972 2777 2273 2835 diabolum
2334 2846 2346 2858 ⁶

208 2884 269 2934 ut
326 2883 492 2940 nullo
552 2882 723 2939 modo
769 2888 1012 2954 peccet,
1080 2881 1236 2953 quod
1281 2882 1487 2939 facere
1534 2897 1649 2937 non
1695 2886 1929 2952 potest,
1992 2881 2275 2953 quamdiu

211 2995 277 3037 ex
318 2987 567 3044 vulnere
613 2986 791 3058 primi
835 2987 1072 3058 peccati
1120 2985 1453 3057 concipitur
1501 2989 1562 3041 et
1607 2985 1879 3041 nascitur
1909 2985 1971 3040 in
2000 2990 2269 3056 peccato.

213 3076 352 3145 Βοε.
413 3089 645 3147 Iterum
693 3088 844 3161 dico,
895 3090 1034 3161 quia
1083 3094 1144 3146 et
1188 3089 1345 3145 ratio
1392 3087 1615 3159 probat
1660 3087 1815 3159 quod
1864 3087 2031 3157 dicis,
2082 3093 2143 3143 et
2187 3086 2275 3142 in-

210 3192 488 3256 possibile
535 3196 645 3249 est.

371 3390 656 3461 XXIII.
708 3391 868 3457 Ana.
918 3398 1130 3456 Adhuc
1175 3399 1381 3470 accipe
1415 3413 1613 3467 unum,
1662 3397 1790 3453 sine
1824 3412 1937 3467 quo
1968 3396 2127 3451 iuste
2159 3411 2275 3451 non

214 3481 628 3560 reconciliatur
686 3502 890 3569 hom0‚
956 3518 1065 3559 nec
1108 3502 1302 3557 minus
1346 3499 1700 3572 inpossibile
1750 3504 1861 3555 est.
1940 3493 2091 3557 Bos.
2158 3497 2281 3555 Tot.

214 3599 321 3662 iam
379 3606 748 3679 proposuisti
809 3605 978 3662 nobis
1036 3620 1189 3676 quae
1235 3606 1442 3661 facere
1492 3603 1807 3673 debemuS‚
1881 3607 1949 3660 ut
1994 3601 2275 3673 quicquid

218 3709 600 3780 superaddas,
642 3725 758 3766 non
789 3725 880 3765 me
913 3709 1107 3780 magis
1139 3713 1373 3764 terrere
1408 3707 1617 3778 possit.
1666 3698 1826 3764 Ans.
1863 3705 2022 3763 Audi
2054 3712 2274 3763 tamen.
