2775 4400
426 275 501 330 72
590 339 597 344 -
1273 271 1637 330 ANSELMI

421 460 483 512 et
525 454 749 513 idcirco
796 471 1040 526 quaern,
1089 470 1194 512 cur
1241 471 1341 512 eos
1386 454 1546 512 tales
1589 471 1705 512 non
1751 454 1946 512 fecit?
1994 446 2153 513 Ans.
2202 453 2499 525 Quoniam

417 574 535 615 non
597 557 804 615 debuit
858 575 967 616 nec
1010 558 1141 615 fieri
1186 547 1421 630 potuit,
1481 565 1551 615 nt
1594 559 2001 630 unusquisque
2045 557 2285 615 illorum
2332 563 2503 614 esset

415 660 572 718 idem
626 662 759 734 ipse
806 662 907 733 qui
955 661 1135 732 deuS‚
1202 663 1359 718 sicut
1406 661 1479 718 de
1522 661 1758 719 homine
1802 661 1920 718 isto
1968 661 2254 734 dicimus;
2334 667 2399 718 et
2444 662 2498 718 si

417 766 694 837 quaeris,
760 781 865 822 cur
917 765 1179 830 nouvel
1226 765 1300 822 de
1345 769 1439 821 tot
1483 770 1627 836 quot
1671 769 1812 821 sunt
1854 780 2151 836 personae
2199 764 2331 835 dei,
2394 765 2497 822 vel

417 868 618 926 saltim
665 869 737 926 de
784 885 902 925 uno
947 869 1060 926 hoc
1102 868 1284 940 fecit,
1345 868 1715 940 respondeo,
1780 869 1921 941 quia
1964 869 2124 926 ratio
2169 873 2315 926 tunc
2359 868 2497 926 fieri

414 972 759 1029 nullatenus
812 972 923 1029 hoc
970 972 1290 1044 exigebat,
1349 971 1456 1028 sed
1504 973 1738 1029 omnino
1785 972 1925 1043 quia
1973 971 2119 1028 deus
2163 971 2312 1028 nihil
2360 971 2497 1029 sine

411 1076 652 1132 ratione
695 1074 881 1146 facit,
937 1075 1317 1147 prohibebat.
1395 1070 1549 1134 Bos.
1612 1075 1920 1133 Erubesco
1967 1075 2107 1147 quia
2150 1075 2263 1132 hoc
2309 1091 2493 1146 quae-

413 1179 560 1248 sivi;
636 1179 730 1236 dic
791 1194 942 1250 quae
991 1179 1260 1236 dicturus
1307 1195 1463 1235 erae.
1540 1169 1701 1236 Ans.
1766 1178 2049 1236 Dicamus
2096 1194 2242 1250 ergo
2265 1222 2279 1249 ,
2344 1179 2489 1250 quia

412 1281 558 1338 mori
606 1297 723 1338 non
770 1282 1042 1350 debebit,
1092 1282 1370 1353 quoniam
1416 1298 1533 1357 non
1581 1282 1700 1338 erit
1743 1287 2044 1353 peccator.
2122 1275 2280 1340 Boe.
2340 1280 2489 1339 Con·

412 1383 627 1441 cedere
673 1401 765 1441 me
812 1391 1069 1457 oportet.

579 1582 714 1652 XI.
770 1583 931 1649 Ans.
980 1590 1153 1648 Nunc
1199 1597 1400 1649 autem
1444 1597 1644 1649 restat
1686 1591 2005 1664 indagare,
2046 1596 2244 1648 utrum
2290 1593 2492 1664 possit

407 1693 557 1750 mori
603 1694 923 1751 secundum
969 1693 1286 1752 humanam
1331 1700 1643 1764 naturam;
1693 1712 1831 1753 nam
1863 1694 2182 1753 secundum
2219 1695 2485 1754 divinam

408 1813 642 1870 semper
686 1797 1162 1870 incorruptibilis
1209 1799 1343 1856 erit.
1403 1793 1557 1859 Bos,
1606 1799 1697 1857 De
1741 1799 1854 1856 hoc
1900 1815 2005 1857 cur
2051 1798 2332 1856 dubitare
2385 1799 2483 1856 de-

406 1901 646 1972 bemuS‚
709 1917 838 1959 cum
896 1902 1027 1974 ipse
1087 1918 1268 1961 verus
1328 1903 1499 1960 homo
1554 1902 1795 1960 futurus
1842 1903 1923 1959 sit
1969 1907 2031 1959 et
2076 1903 2263 1959 omnis
2309 1903 2487 1960 homo

404 2005 770 2063 naturaliter
814 2005 1090 2062 mortalis
1135 2007 1259 2063 sit?
1327 1999 1490 2064 Ans.
1550 2005 1685 2063 Non
1727 2013 1873 2077 puto
1922 2005 2357 2063 mortalitatem
2403 2007 2484 2064 ad

403 2124 649 2179 puram,
727 2109 835 2166 sed
913 2109 991 2166 ad
1070 2115 1415 2181 corruptam
1480 2109 1733 2178 hominis
1799 2116 2080 2167 naturam
2147 2111 2482 2182 pertinere.

403 2212 634 2284 Quippe
697 2214 749 2269 si
808 2229 1109 2285 nunquam
1153 2218 1466 2285 peccasset
1509 2213 1679 2270 homo
1726 2218 1789 2271 et
1832 2214 2242 2272 inmortalitas
2288 2214 2483 2286 ipsius

401 2316 841 2373 inmutabiliter
898 2315 1138 2373 firmata
1193 2322 1385 2387 esset,
1448 2333 1566 2373 non
1608 2323 1815 2375 tamen
1860 2318 2053 2374 minus
2098 2318 2270 2374 homo
2320 2323 2487 2374 esset

400 2435 612 2490 verus3
662 2424 724 2477 et
771 2420 1007 2492 quando
1055 2421 1340 2477 mortales
1381 2420 1443 2477 in
1476 2420 2055 2493 incorruptibilitate
2086 2430 2414 2493 resurgent
2438 2417 2479 2493 ¹,

398 2540 514 2580 non
560 2525 752 2581 minus
799 2528 978 2582 erunt
1021 2524 1152 2582 veri
1196 2524 1498 2581 homines:
1547 2541 1683 2581 nam
1730 2526 1782 2582 si
1827 2525 2165 2597 pertineret
2210 2525 2289 2582 ad
2323 2525 2479 2583 veri-

398 2632 586 2683 tatem
630 2627 926 2685 humanae
959 2634 1218 2685 naturae
1248 2628 1611 2699 mortalitaS,
1658 2644 2036 2700 nequaquam
2066 2634 2275 2700 posset
2304 2629 2479 2686 homo

398 2746 549 2800 esse,
598 2731 699 2802 qui
747 2736 908 2787 esset
953 2731 1322 2802 inmortalis;
1372 2747 1490 2788 non
1536 2747 1682 2803 ergo
1727 2733 1995 2803 pertinet
2039 2732 2118 2789 ad
2160 2732 2475 2789 sinceriter.

395 2838 516 2888 tem
561 2832 856 2891 humanae
896 2840 1154 2891 naturae
1199 2834 1704 2906 corruptibilitaS,
1748 2836 1875 2891 sive
1908 2835 2472 2907 incorruptibilitate,

397 2936 671 3007 quoniam
733 2940 951 2994 neutra
1013 2936 1198 3008 facit,
1270 2944 1376 2993 aut
1424 2937 1683 2995 destruit
1726 2937 2053 3010 hominem,
2122 2940 2229 2996 sed
2276 2940 2474 2997 altera

394 3038 561 3095 valet
606 3039 683 3096 ad
732 3040 860 3096 eius
905 3040 1227 3112 miseriam,
1277 3040 1475 3097 altera
1522 3040 1601 3099 ad
1646 3042 2101 3099 beatitudinem.
2166 3041 2285 3100 Sed
2334 3059 2470 3115 quo-

297 3150 308 3158 ·
392 3143 552 3200 niam
613 3142 814 3200 nullus
877 3143 1047 3201 homo
1111 3148 1204 3201 est
1248 3144 1347 3215 qui
1394 3161 1510 3201 non
1555 3145 1883 3216 moriatur,
1946 3146 2169 3204 idcirco
2214 3149 2472 3205 mortale

392 3247 639 3317 ponitur
684 3247 744 3304 in
792 3246 1048 3304 hominis
1097 3248 1447 3305 diffinitione
1494 3265 1531 3305 a
1576 3248 1981 3320 philosophiS,
2033 3249 2133 3320 qui
2179 3266 2295 3307 non
2344 3266 2469 3308 cre-

398 3349 682 3408 diderunt
727 3355 919 3407 totum
964 3351 1256 3409 hominem
1297 3352 1623 3425 aliquando
1654 3353 1944 3425 potuisse,
1992 3358 2099 3409 aut
2127 3369 2305 3425 posse
2338 3370 2471 3411 esse

547 3670 560 3703 ¹
589 3671 634 3722 1.
657 3669 781 3722 Cor.
811 3672 892 3738 15,
917 3672 1000 3724 42.
1030 3676 1298 3739 ἐγείρεται
1327 3677 1381 3724 ἐν
1409 3675 1708 3739 ἀφθαροίᾳ,
1736 3678 1934 3743 surget
1954 3674 2010 3725 in
2030 3673 2473 3740 incorruptione.
