2775 4400
714 706 1854 840 ANSELMI

954 1023 1223 1100 LIBER
1272 1022 1612 1100 PRIMUS

761 1261 1013 1342 ‘OUR
1064 1217 1362 1341 DEUs
1417 1265 1781 1343 HOMO.

419 1787 478 1857 I.
522 1794 718 1868 Saepe
763 1800 827 1852 et
870 1795 1308 1854 studiosissime
1349 1813 1386 1855 a
1418 1795 1622 1853 multis
1650 1800 1906 1868 rogatus
1938 1811 2006 1852 su
2099 1799 2320 1884 et4ver-

244 1899 340 1956 bis
388 1903 451 1955 et
491 1897 738 1970 litteris,
788 1888 1422 1971 quatinus'cuiusdam
1454 1897 1528 1955 de
1558 1897 1676 1956 fide
1708 1902 1916 1956 nostra
1950 1811 2322 1970 qlfflestionis

244 1987 551 2074 rationes,
621 2017 773 2074 quas
834 2001 996 2060 soleo
1049 2001 1420 2075 respondere
1466 2001 1930 2074 quaerentibus,
1998 1989 2321 2058 memoriae

248 2105 565 2164 scribendo
623 2099 1081 2177 conmendem¹3
1160 2105 1367 2164 dicunt
1423 2105 1579 2164 enim
1634 2119 1739 2163 eas
1800 2104 1918 2162 sibi
1970 2103 2216 2178 placere
2264 2109 2325 2163 et

248 2210 629 2270 arbitrantur
674 2210 1053 2270 satisfacere.
1117 2209 1283 2282 Quod
1328 2215 1563 2284 petunt,
1612 2225 1727 2268 non
1772 2215 1841 2267 ut
1883 2226 1995 2283 per
2024 2208 2322 2267 rationem

251 2314 330 2371 ad
374 2313 554 2371 fidem
598 2312 926 2386 accedant,
993 2313 1100 2372 sed
1143 2320 1212 2372 ut
1259 2330 1462 2372 eorum
1509 2330 1664 2387 quae
1711 2313 1966 2371 credunt
2009 2312 2323 2371 intellectu

251 2421 314 2473 et
359 2416 862 2490 contemplatione
906 2417 1302 2489 delectentur,
1351 2422 1415 2475 et
1444 2422 1513 2475 ut
1543 2417 1683 2488 sint,
1732 2421 2019 2489 quantum
2049 2420 2324 2489 possunt,

246 2516 482 2597 parati
545 2537 792 2599 semper
851 2516 941 2579 ad
995 2515 1513 2599 satisfactionem
1558 2517 1734 2579 omni
1765 2517 2068 2599 poscenti
2112 2537 2176 2577 se
2220 2537 2325 2577 ra·

255 2618 491 2681 tionem
535 2618 612 2681 de
657 2640 734 2681 ea
779 2640 943 2702 quae
989 2620 1063 2681 in
1107 2618 1296 2681 ‘nobis
1341 2628 1434 2681 est
1475 2640 1584 2701 spe
1602 2618 1645 2679 ².
1695 2621 1882 2693 Quam
1915 2621 2327 2694 quaestionem

238 2723 451 2806 “solent
509 2730 572 2805 et
627 2725 903 2785 infideles
962 2725 1137 2783 nobis
1197 2725 1647 2798 simplicitatem
1703 2725 2095 2784 christianam
2154 2725 2328 2799 quasi

252 2807 483 2887 fatuam
517 2828 863 2888 deridentes
896 2829 1154 2901 obicere,
1202 2834 1265 2887 et
1292 2828 1502 2888 fideles
1531 2826 1706 2887 multi
1734 2829 1796 2887 in
1831 2828 2010 2887 corde
2040 2844 2323 2889 versare:

254 2948 370 3004 qua
431 2932 665 2991 scilicet
720 2933 960 2992 ratione
1005 2932 1106 2991 vel
1149 2933 1516 2992 necessitate
1564 2932 1712 2991 deus
1756 2932 1928 2991 homo
1973 2932 2176 3009 factus
2222 2933 2327 3003 sit,

255 3040 317 3092 et
358 3041 549 3095 morte
595 3053 726 3109 sua,
775 3037 933 3095 sicut
979 3036 1276 3095 credimus
1323 3042 1386 3094 et
1432 3036 1778 3098 confitemur
1798 3080 1813 3109 ,
1874 3035 2093 3094 mundo
2139 3036 2327 3095 vitam

253 3137 610 3211 reddiderit,
653 3156 783 3198 cum
814 3140 926 3199 hoc
961 3146 1069 3199 aut
1097 3157 1209 3214 per
1240 3140 1424 3199 aliam
1453 3156 1791 3213 personam,
1826 3141 1955 3199 sive
1989 3138 2328 3212 angelicam

256 3242 382 3299 sive
427 3241 764 3315 humanam,
813 3249 921 3302 aut
965 3243 1054 3302 sol
1124 3244 1453 3323 *voluntate
1498 3244 1705 3302 facere
1745 3243 2036 3317 potuerit.
2086 3242 2177 3301 De
2211 3259 2329 3316 qua

137 3410 145 3417 ‚
256 3346 603 3417 quaestione
649 3362 765 3403 non
811 3345 1000 3404 solum
1045 3328 1341 3418 lt'terati,
1392 3346 1499 3405 sed
1545 3348 1728 3405 etiam
1777 3346 2104 3404 inlitterati
2150 3345 2320 3405 multi

256 3454 554 3523 quaerunt
614 3454 676 3507 et
733 3449 1033 3509 rationem
1088 3449 1216 3507 eius
1271 3449 1644 3508 desiderant.
1722 3449 2013 3521 Quoniam
2063 3466 2209 3525 crgo
2256 3449 2331 3509 de

397 3680 676 3737 ¹ADLM:
717 3681 1226 3736 commendarem.
1266 3712 1330 3719 -
1375 3680 1465 3734 ²1.
1502 3679 1655 3735 Petr.
1692 3680 1742 3749 3,
1780 3680 1862 3737 15.
