2775 4400
739 296 896 357 cun
933 253 1150 357 'nnus
1196 296 1446 356 HOMO.
1493 297 1544 354 1.
1591 315 1700 356 vn.
1940 271 1947 276 ’
2190 301 2268 355 15

113 509 122 515 ·
181 497 482 540 conservo
544 498 907 540 communem
969 481 1266 539 dominum
1328 480 1611 539 deserere
1659 485 1720 537 et
1764 480 1843 538 ad
1890 496 1954 538 se
2001 481 2269 539 transire

178 585 632 657 persuasisse-t,
694 602 766 644 ac
810 584 1074 643 traditor
1118 583 1479 657 fugitivum,
1536 583 1637 643 fur
1681 583 1877 641 furem
1925 601 2054 643 cum
2100 584 2269 642 furto

181 688 416 746 domini
473 673 571 747 sui*
627 689 1037 762 suscepisset?
1107 688 1393 760 Uterque·
1437 703 1693 760 namque
1752 687 1853 746 fur
1900 692 2071 760 erat,
2136 704 2267 746 cum

180 792 352 850 alter
412 791 608 850 altero
669 792 1076 865 persuadente
1137 792 1399 865 seipsum
1465 791 1699 850 domino
1755 807 1861 849 8110
1916 790 2262 850 furabatur.

180 895 347 966 Quid
393 897 548 954 enim
594 897 810 954 iustius
853 896 986 954 fieri
1029 901 1269 969 posset,
1333 895 1386 953 si
1429 895 1541 954 hoc
1588 895 1733 953 deus
1779 895 2062 954 faceret?
2141 896 2271 952 Aut

183 1001 239 1058 si
287 999 473 1059 iudex
519 1000 776 1058 omnium
818 999 966 1057 deus
1010 999 1304 1057 hominem
1353 993 1441 1056 sic
1480 1015 1819 1072 possessum
1853 998 1927 1056 de
1958 1003 2266 1071 potestate

181 1109 316 1161 tam
347 1104 571 1161 iniuste
600 1103 992 1176 possidentis,
1039 1101 1138 1161 vel
1169 1102 1248 1160 ad
1277 1102 1644 1174 puniendum
1676 1102 1844 1161 illum
1877 1102 2059 1160 aliter
2091 1118 2267 1174 quam

182 1223 302 1280 per
350 1207 674 1278 diabolum,
725 1206 825 1265 vel
869 1205 948 1264 ad
990 1205 1358 1278 parcendum
1404 1205 1496 1263 illi
1543 1205 1843 1279 eriperet:
1917 1222 2070 1278 quae
2115 1207 2269 1265 haec

183 1310 500 1369 iniusticia
548 1312 753 1368 esset?
822 1309 1104 1381 Quamvis
1151 1309 1306 1367 enim
1351 1309 1524 1366 homo
1569 1308 1728 1367 iuste
1775 1326 1812 1366 a
1861 1309 2100 1368 diabolo
2144 1315 2266 1367 tor-

187 1419 502 1486 queretur,
549 1413 680 1486 ipse
724 1418 928 1471 tamen
973 1413 1142 1471 illum
1186 1413 1411 1470 iniuste
1456 1413 1797 1484 torquebat.
1868 1412 2058 1471 Homo
2104 1429 2269 1470 nam·

187 1532 307 1590 que
368 1522 706 1589 meruerat,
774 1522 843 1575 ut
900 1517 1253 1590 puniretur,
1322 1532 1435 1574 nec
1494 1516 1570 1574 ab
1604 1515 1757 1583 ,11110
1814 1516 2269 1575 0011νο11101111118

189 1637 369 1694 quam
430 1621 507 1679 ab
561 1620 699 1692 illo,
764 1621 860 1678 cui
905 1625 1295 1678 consenserat
1337 1625 1408 1677 ut
1449 1625 1753 1692 peccaret.
1831 1618 2076 1679 Diaboli
2122 1635 2268 1678 vero

186 1725 468 1782 meritum
513 1725 741 1782 nullum
787 1728 940 1795 erat,
987 1729 1056 1780 ut
1099 1724 1377 1796 puniret3
1427 1723 1601 1789 immo
1647 1727 1819 1781 tanto
1851 1723 1963 1782 hoc
1993 1722 2269 1781 faciebat

189 1827 506 1898 111111811118,
570 1832 792 1899 quanto
847 1843 964 1884 non
1019 1827 1099 1884 ad
1153 1825 1262 1884 hoc
1310 1843 1513 1884 amore
1558 1827 1837 1884 iusticiae
1882 1826 2265 1897 trahebatur,

191 1930 300 1988 sed
326 1908 634 1988 'instinctu
677 1929 956 1988 maliciae
1001 1929 1429 2004 inpellebatur.
1478 1928 1632 1987 Nam
1677 1929 1800 1987 hoc·
1833 1945 1950 1986 non
1996 1929 2269 1988 faciebat

192 2034 306 2092 deo
348 2034 614 2105 iubente,
663 2033 770 2091 sed
814 2032 1383 2106 inconprehensibili
1416 2033 1721 2105 sapientia
1754 2049 1883 2104 sua,
1934 2049 2051 2104 qua
2085 2032 2266 2090 etiam

191 2139 352 2196 mala
381 2138 534 2196 bene
567 2137 830 2211 ordinat,
875 2137 1284 2211 permittente.
1332 2135 1415 2194 Et
1443 2141 1590 2211 puto
1622 2135 1780 2209 illos,
1829 2137 1931 2210 qui
1965 2135 2265 2194 diabolum

193 2242 454 2315 aliquam
505 2232 841 2315 ⁴opinantur
899 2242 1125 2300 habere
1181 2241 1244 2298 in
1297 2240 1660 2314 possidendo
1706 2236 2045 2299 hominem¹
2090 2241 2267 2299 iusti-

195 2347 380 2417 ciam,
443 2345 522 2404 ad
581 2345 693 2404 hoc
750 2346 894 2404 inde
939 2346 1190 2417 adduci,
1252 2346 1395 2418 quia
1440 2345 1651 2404 vident
1694 2345 1989 2403 hominem
2038 2344 2267 2403 diaboli

194 2449 500 2531 vexationi
545 2450 703 2507 iuste
752 2450 1067 2508 subiacere
1115 2455 1176 2506 et
1223 2450 1397 2507 deum
1442 2449 1601 2508 111810
1642 2449 1753 2507 hoc
1782 2450 2157 2521 permittere,
2206 2454 2269 2507 et

195 2552 418 2609 idcirco
461 2556 682 2623 putant
727 2552 1030 2609 diabolum
1071 2552 1237 2610 illam
1277 2553 1435 2609 iuste
1466 2537 2079 2624 inferrequntingit
2111 2553 2266 2609 enim

196 2653 352 2711 idem
419 2654 649 2726 aliquid
721 2654 977 2712 diversis
1039 2650 1667 2713 001181110111110111111182
1728 2670 1859 2711 0880
1916 2655 2141 2731 iustum
2205 2662 2269 2713 et

194 2759 512 2830 iniustum,
576 2764 638 2815 et
697 2758 770 2815 ob
831 2757 944 2815 hoc
1004 2774 1041 2816 a
1100 2774 1219 2816 11011
1269 2754 1611 2830 'diligent-er
1655 2758 2028 2816 intuentibus
2074 2763 2264 2817 totum

195 2862 413 2919 iustum
458 2867 567 2919 aut
610 2862 896 2920 iniustum
933 2860 1211 2920 iudicari.
1259 2861 1484 2921 Evenit
1524 2862 1697 2934 enim,
1745 2867 1814 2920 ut
1844 2862 2064 2934 aliquis
2095 2863 2249 2920 inno·

199 2971 422 3023 centem
467 2965 690 3024 iniuste
735 2966 1062 3038 percutiat,
1110 2966 1269 3023 unde
1300 2967 1432 3039 ipse
1464 2966 1623 3023 iuste
1653 2966 1892 3038 percuti
1922 2972 2262 3038 mereatur3

199 3070 248 3127 si
289 3074 491 3128 tamen
533 3086 858 3143 percussus
904 3069 1220 3129 vindicare
1267 3086 1330 3127 se
1375 3086 1494 3128 non
1535 3069 1716 3127 debet
1748 3074 1810 3127 et
1837 3070 2104 3142 percutit
2131 3050 2264 3143 per·

201 3172 517 3230 cutientem
565 3189 663 3243 se,
711 3174 934 3232 iniuste
980 3174 1094 3233 hoc
1137 3173 1306 3232 facit.
1384 3172 1554 3231 Haec
1601 3173 1791 3245 igitur
1835 3173 2145 3246 percussio
2195 3189 2267 3232 ex

339 3439 446 3493 ¹al.
484 3440 740 3495 homine.
779 3472 843 3479 —
887 3440 1045 3495 ²Cfr.
1081 3441 1387 3511 Dialoyus
1426 3441 1498 3494 de
1535 3442 1793 3495 veritate
1832 3458 1877 3494 0.
1914 3442 1975 3497 8:
2033 3440 2265 3509 „Multis

199 3525 371 3581 modis
421 3527 615 3581 eadem
662 3542 752 3581 res
802 3528 1044 3593 suscipit
1082 3527 1324 3581 diversis
1363 3527 1909 3582 considerationibus
1949 3530 2267 3597 contraria3

202 3613 342 3679 quod
378 3614 436 3665 in
471 3615 694 3668 actione
731 3627 898 3680 saepe
923 3614 1224 3683 contingit,
1261 3614 1412 3668 utin
1436 3615 1847 3681 percussione“.
1885 3614 2038 3669 Haec
2064 3615 2265 3668 deinde

201 3699 446 3767 pluribus
484 3702 846 3768 persequitur
883 3701 1201 3754 Anselmus.
