2775 4400
741 290 895 349 CUR
940 290 1148 349 DEUS
1194 289 1442 348 HOMO.
1490 289 1540 347 Ι.
1589 308 1715 346 xlx.
2188 294 2265 348 45

194 473 461 544 aequalis
526 473 612 531 sit
667 474 884 546 angelo
941 474 1042 546 qui
1087 453 1390 545 nunquam
1436 473 1757 546 peccavit?
1833 468 1987 532 Boe.
2064 473 2270 531 Verba

191 576 306 632 ista
367 577 658 650 cogitare
720 582 782 634 et
843 577 1042 635 dicere
1102 593 1379 649 possum,
1460 575 1567 634 sed
1628 594 1864 636 sensum
1926 593 2128 634 eorum
2182 578 2272 635 ita

190 679 460 749 cogitare
524 697 793 754 nequeo,
859 681 1015 738 sicut
1073 679 1409 738 falsitatem
1466 697 1867 764 non'possum
1913 681 2273 754 intellegere

189 782 514 840 veritatem
565 800 718 840 esse.
767 777 928 842 Ans.
977 783 1110 841 Non
1157 800 1302 856 ergo
1352 784 1527 841 decet
1572 785 1764 856 deum,
1812 784 2105 842 hominem
2137 801 2272 856 pec-

189 890 422 943 cantem
503 888 639 944 sine
715 887 1134 945 satisfactione
1202 887 1280 944 ad
1346 889 1855 946 restaurationem
1923 888 2274 960 angelorum

187 1003 498 1047 assumere
564 991 976 1064 perditorum,
1048 991 1326 1062 quoniam
1385 991 1616 1048 veritas
1676 1008 1792 1049 non
1849 992 2084 1063 patitur
2143 1007 2276 1048 eum

187 1089 381 1149 levari
429 1093 515 1150 ad
566 1085 1000 1166 aequalitatem
1045 1094 1379 1152 beatorum.
1439 1088 1594 1154 Bos.
1641 1093 1740 1152 Sic
1785 1094 2052 1152 ostendit
2093 1095 2272 1152 ratio.

191 1186 346 1258 Ans.
397 1195 738 1256 Considera
785 1199 970 1255 etiam
1013 1198 1076 1254 in
1123 1196 1248 1254 solo
1293 1197 1547 1270 homine,
1596 1198 1723 1254 sine
1767 1197 1880 1255 hoc
1926 1199 2064 1270 quia
2098 1198 2278 1255 debet

193 1298 428 1369 angelis
479 1302 738 1373 aequari
767 1296 805 1372 ¹,
851 1306 1052 1358 utrum
1100 1317 1230 1358 eum
1278 1301 1492 1358 taliter
1540 1300 1685 1358 deus
1726 1301 1803 1358 ad
1842 1301 2276 1359 beatitudinem

193 1399 394 1474 ullam,
445 1405 554 1462 vel
585 1405 768 1462 talem
801 1405 1035 1478 qualem
1067 1404 1335 1462 habebat
1366 1408 1689 1477 antequam
1721 1409 2024 1477 peccaret,
2060 1403 2279 1462 debeat

193 1506 582 1574 provehere?
629 1503 782 1567 Boe.
841 1508 954 1566 Dic
999 1512 1066 1565 tu
1116 1507 1270 1579 quod
1319 1508 1573 1580 cogitas,
1624 1513 1686 1564 et
1731 1524 1843 1579 ego
1886 1507 2277 1566 considerabo

193 1614 373 1676 prout
433 1616 674 1682 potero.
754 1604 916 1670 Ans.
992 1610 1295 1668 Ponamus
1358 1610 1605 1669 divitem
1666 1610 1923 1682 aliquem
1986 1611 2047 1668 in
2099 1628 2278 1668 manu

191 1714 402 1770 tenere
451 1715 856 1786 margaritam
901 1715 1256 1787 preciosam,
1307 1731 1483 1787 quam
1529 1714 1696 1771 nulla
1737 1730 1995 1786 unquam
2027 1715 2279 1787 pollutio

193 1814 406 1887 tetigit
468 1823 536 1874 et
581 1835 756 1890 quam
800 1818 1001 1875 nullus
1046 1819 1240 1890 possit·
1285 1817 1441 1875 alius
1488 1834 1765 1876 amovere
1814 1817 1886 1874 de
1912 1835 2117 1874 manu·
2154 1819 2281 1875 eius

196 1917 313 1975 nisi
369 1920 513 1992 ipso
568 1922 991 1994 permittente,
1057 1927 1118 1978 et
1165 1937 1295 1978 eam
1345 1921 1630 1993 disponat
1671 1920 2001 1978 recondere
2047 1922 2107 1977 iu
2154 1920 2279 1976 the-

197 2035 444 2082 saurum
513 2040 714 2096 suum,
776 2025 879 2082 ubi
943 2019 1124 2082 sunt2
1173 2025 1486 2082 carissima
1533 2031 1595 2081 et
1637 2024 2083 2096 preciosissima
2130 2040 2281 2095 quae

201 2127 495 2194 possidet.
545 2122 699 2187 Boe.
749 2127 960 2201 Cogito
1005 2127 1117 2185 hoc
1161 2129 1330 2186 velut
1375 2133 1517 2185 ante
1565 2144 1672 2184 nos
1704 2127 1787 2184 sit
1806 2122 1847 2183 ³.
1897 2119 2057 2185 Ans.
2108 2126 2280 2199 Quid,

201 2230 256 2285 si
319 2231 458 2304 ipse
529 2234 846 2305 permittat
921 2232 1169 2289 eandem
1229 2233 1630 2305 margaritam
1693 2232 1768 2289 ab
1816 2230 2017 2303 aliquo
2078 2232 2281 2290 invido

203 2336 404 2393 excuti
453 2336 530 2394 de
575 2352 753 2393 manu
801 2352 909 2394 sua
955 2337 1018 2393 in
1064 2352 1346 2407 caenum,
1397 2352 1527 2394 cum
1572 2336 1895 2407 prohibere
1940 2336 2165 2408 possit,
2213 2352 2286 2393 ac

203 2444 419 2506 postea
484 2456 614 2497 eam
676 2440 748 2497 de
811 2456 994 2497 caeno
1055 2455 1292 2496 sumens
1349 2439 1643 2511 pollutam
1706 2444 1766 2496 et
1820 2455 1933 2495 non
1992 2439 2177 2496 lotam
2223 2440 2285 2496 in

206 2539 466 2613 aliquem
516 2560 684 2600 suum
729 2543 1009 2600 mundum
1057 2549 1117 2601 et
1165 2559 1366 2600 carum
1412 2543 1624 2613 locum,
1676 2542 1957 2613 deinceps
2002 2541 2168 2599 illam
2200 2542 2286 2598 sic

211 2653 586 2719 servaturuS,
655 2647 976 2705 recondat:
1058 2646 1381 2719 putabisne
1445 2646 1609 2703 illum
1674 2645 2053 2717 sapientem?
2130 2638 2282 2702 Boc.

207 2746 512 2816 Quomodo
568 2750 680 2807 hoc
722 2753 1007 2822 possum?
1083 2766 1219 2807 nam
1265 2766 1460 2807 nonne
1506 2748 1719 2806 melius
1767 2754 1929 2805 esset
1974 2749 2157 2820 satie,
2220 2753 2288 2805 ut

209 2854 611 2926 margaritam
673 2870 839 2911 suam
899 2853 1179 2911 mundam
1227 2858 1467 2909 teneret
1512 2858 1575 2909 et
1620 2858 1897 2911 servaret
1944 2868 2121 2924 quam
2164 2852 2288 2923 pol-

211 2952 447 3014 lutam?
524 2948 684 3015 Ans.
761 2956 972 3015 Nonne
1007 2956 1294 3036 =similiter
1340 2955 1577 3013 faceret
1623 2936 1801 3027 deus,
1851 2956 1951 3027 qui
1997 2956 2289 3012 hominem

213 3060 454 3133 angelis
500 3060 843 3118 sociandum
891 3062 1019 3117 sine
1064 3065 1315 3133 peccato
1365 3060 1539 3131 quasi
1587 3060 1647 3116 in
1688 3076 1867 3116 manu
1904 3076 2012 3115 sua
2044 3058 2292 3115 tenebat

217 3160 276 3218 in
319 3164 612 3237 paradiso
660 3169 722 3221 et
764 3164 1057 3236 permisit,
1107 3169 1175 3220 ut
1219 3178 1507 3220 accensus
1554 3162 1786 3220 invidia
1836 3162 2111 3219 diabolus
2159 3177 2291 3218 eum

214 3263 277 3322 in
319 3268 511 3325 lutum
555 3268 791 3339 peccati
839 3268 1111 3340 quamvis
1160 3266 1632 3323 consentientem
1681 3266 1993 3323 deiceret?
2039 3264 2103 3323 Si
2137 3264 2290 3321 enim

225 3371 552 3439 prohibere*
595 3370 782 3429 vellet
828 3370 1161 3441 diabolum,
1220 3386 1336 3427 non
1384 3375 1592 3441 posset
1636 3375 1935 3442 temptare
1980 3368 2291 3425 hominem.

219 3471 448 3546 Nonne,
494 3475 756 3546 inquam,
806 3474 1083 3531 similiter
1128 3474 1380 3544 faceret,
1432 3474 1483 3529 si
1523 3472 1817 3530 hominem
1848 3472 2085 3545 peccati
2116 3470 2293 3529 sorde

367 3702 377 3734 ¹
402 3700 536 3753 KN:
567 3701 870 3769 coequari.
902 3730 964 3737 —
995 3699 1014 3731 ²
1036 3698 1275 3751 DKMP:
1305 3699 1447 3751 sim.
1478 3729 1537 3735 —
1572 3699 1591 3731 ³
1611 3700 1695 3751 sit
1719 3699 1905 3764 recepi
1926 3713 1993 3750 ex
2015 3696 2296 3751 KLMNP.
