2775 4400
790 272 946 332 CUR
991 272 1200 332 DEUS
1247 272 1493 332 HOMO.
1545 273 1593 331 Ι.
1642 293 1725 330 lx.
1776 293 1832 330 x.
2268 277 2345 332 23

277 456 524 520 tundem
567 457 778 527 valuit,
827 455 1102 528 quoniam
1135 456 1291 513 alius
1323 457 1435 514 hoc
1466 457 1673 514 facere
1706 472 1821 513 non
1855 456 2119 527 valebat,
2168 472 2347 528 quan-

275 566 404 617 tum
465 561 517 618 si
578 560 669 617 illi
729 559 878 616 mori
936 559 1351 632 praeciperet3
1431 560 1591 617 unde
1646 559 1750 616 ille
1806 561 1960 617 sicut
2004 559 2349 617 mandatum

280 663 453 720 dedit
499 663 590 721 illi
632 669 830 735 pater,
879 662 968 720 sic
1011 663 1180 733 fecit,
1229 669 1289 720 et
1337 663 1602 733 calicem,
1652 679 1823 734 quem
1872 662 2039 719 dedit
2068 663 2122 720 ei
2152 670 2349 735 pater,

275 767 437 824 bibit
482 767 997 838 obediensusque
1043 766 1122 824 ad
1167 772 1435 824 mortem.

453 914 550 983 X.
596 921 810 979 Potest
856 921 1034 979 etiam
1082 925 1248 979 recte
1294 921 1603 1004 intellegi‚‘
1642 923 1783 994 quia
1828 937 1940 993 per
1983 920 2150 978 illam
2189 908 2403 992 piam‘

277 1025 672 1094 voluntatem,
720 1041 838 1097 qua
883 1025 1074 1083 voluit
1117 1024 1275 1082 filius
1319 1042 1429 1097 pro
1478 1025 1675 1082 salute
1722 1025 1924 1082 mundi
1968 1024 2137 1094 mori,
2186 1023 2353 1081 dedit

278 1127 374 1185 illi
416 1134 612 1200 pater,
668 1121 790 1185 ¹non
836 1133 1035 1186 tamen
1084 1127 1370 1200 cogendo,
1420 1129 1767 1186 mandatum
1814 1134 1876 1186 et
1922 1129 2167 1186 calicem
2218 1143 2349 1200 pas-

279 1233 466 1289 sionis
526 1237 586 1289 et
646 1248 763 1289 non
807 1222 1085 1305 pepercit
1128 1231 1252 1303 illi,
1319 1231 1425 1288 sed
1470 1248 1579 1304 pro
1628 1227 1839 1289 nobis¹
1884 1231 2139 1289 tradidit
2185 1231 2384 1289 illum'

280 1343 346 1391 et
404 1343 649 1392 mortem
710 1335 874 1392 illius
931 1335 1152 1406 voluit-3
1233 1340 1294 1392 et
1341 1335 1481 1407 quia
1529 1336 1659 1408 ipse
1704 1335 1862 1393 filius
1910 1335 2190 1393 obediens
2235 1335 2355 1393 fuit

277 1430 468 1510 nsque
525 1439 598 1496 ad
648 1444 928 1509 mortem,
996 1445 1058 1496 et
1104 1438 1316 1496 didicit
1363 1455 1437 1496 ex
1481 1439 1575 1496 his
1620 1455 1773 1511 quae
1818 1455 2033 1512 passus
2080 1445 2172 1496 est
2218 1438 2349 1496 obe·

280 1542 589 1601 dientiam.
638 1541 1140 1612 Quemadmodum
1188 1543 1342 1600 enim
1390 1543 1713 1601 secundum
1758 1542 2189 1601 humanitatem
2236 1559 2352 1599 non

277 1646 549 1704 habebat
594 1663 630 1703 a
677 1662 741 1703 se
789 1646 1158 1704 voluntatem
1205 1647 1364 1704 iuste
1413 1647 1655 1705 vivendi
1701 1647 1807 1704 sed
1852 1663 1887 1704 a
1928 1652 2125 1719 patre,
2172 1646 2260 1703 ita
2293 1652 2354 1702 et

279 1750 651 1808 voluntatem
686 1749 872 1820 illam,
914 1742 1040 1822 qua
1064 1755 1132 1806 ut
1163 1757 1397 1808 tantum
1429 1751 1644 1808 bonum
1677 1749 1930 1821 faceret,
1962 1749 2112 1806 mori
2143 1748 2352 1818 voluit,

278 1869 402 1910 non
447 1851 646 1925 potuit
688 1852 912 1911 habere
958 1854 1076 1910 nisi
1123 1873 1164 1912 α
1201 1859 1393 1933 patre
1441 1849 1775 1924 luminum,
1823 1869 1859 1910 a
1905 1869 2019 1924 quo
2052 1858 2144 1910 est
2177 1870 2352 1927 omne

280 1953 508 2014 datum
567 1954 874 2036 optimum
932 1962 990 2014 et
1047 1975 1223 2015 omne
1287 1953 1523 2015 donum
1576 1950 2016 2036 peofectum²‚·
2091 1960 2151 2012 et
2198 1955 2354 2012 sicut

279 2065 462 2132 pater
508 2059 753 2117 trahere
803 2059 997 2117 dando
1045 2060 1414 2118 voluntatem
1467 2060 1709 2130 dicitur,
1756 2060 1845 2117 ita
1876 2075 1992 2116 non
2024 2059 2352 2130 incongrue

277 2163 369 2234 fit,
417 2163 468 2221 si
515 2161 807 2235 inpellere
854 2164 1166 2222 asseritur.
1217 2163 1385 2223 Sicut
1433 2156 1586 2221 enim
1635 2163 1782 2222 dicit
1826 2162 1983 2221 filius
2024 2156 2099 2221 de
2141 2168 2348 2235 pat-re:

279 2286 460 2325 nemo
507 2264 680 2325 venit
725 2263 814 2326 ad
858 2286 971 2339 me,
1019 2266 1161 2327 nisi
1199 2274 1391 2348 pater
1436 2266 1716 2327 traoeerit
1760 2264 1977 2340 eum&
2024 2268 2111 2325 ita
2155 2267 2354 2325 dicere

278 2371 499 2443 potuit,
547 2370 663 2428 nisi
709 2371 999 2443 inpulerit
1030 2359 1178 2428 euin.
1229 2371 1519 2430 Similiter
1552 2388 1782 2444 quoque
1812 2372 2089 2444 proferre
2121 2371 2349 2443 potuit:

283 2450 453 2533 nemo
517 2476 705 2532 currit
759 2474 837 2532 ad
883 2482 1133 2533 mortem
1178 2483 1428 2549 propter
1474 2493 1683 2533 nomen
1730 2493 1954 2547 meum,
2018 2476 2132 2532 nisi
2176 2482 2354 2547 pater

284 2578 573 2652 inpulerit
643 2584 749 2639 aut
815 2580 1076 2636 traxerit
1145 2596 1294 2637 eum.
1373 2579 1661 2650 Quoniam
1729 2594 1982 2650 namque
2043 2578 2354 2635 voluntate

283 2682 533 2755 quisque
581 2683 658 2740 ad
705 2683 768 2740 id
815 2682 970 2755 quod
1003 2682 1515 2740 indeclinabiliter
1546 2682 1694 2753 vult,
1742 2682 2008 2739 trahitur
2041 2681 2136 2740 vel
2168 2681 2352 2753 inpel-

282 2786 464 2857 litur,
512 2803 629 2843 non
674 2787 1167 2845 inconvenienter
1212 2786 1457 2844 trahere
1504 2795 1611 2844 aut
1655 2786 1947 2858 inpellere
1996 2784 2177 2857 deuS‚
2226 2802 2355 2843 cum

283 2878 468 2947 talem
515 2889 621 2948 dat
666 2890 1036 2948 voluntate’m
1082 2890 1454 2960 affirmatum
1502 2891 1562 2947 in
1612 2906 1723 2963 quo
1753 2895 1956 2948 tractu
1988 2884 2097 2948 vel‘
2116 2889 2355 2962 inpulsu

284 2992 451 3050 nulla
498 2982 877 3066 intellegitur
922 2994 1245 3052 violentiae
1292 2995 1643 3079 necessitaS‚
1694 2993 1799 3051 sed
1844 2999 2131 3065 acceptae
2163 2994 2355 3051 bonae

286 3096 615 3154 voluntatis
664 3104 999 3169 spontanea
1046 3104 1107 3155 et
1153 3104 1356 3155 amata
1404 3099 1723 3156 tenacitas.
1772 3096 1836 3155 Si
1870 3114 2014 3169 ergo
2045 3097 2155 3155 hoc
2184 3097 2355 3155 modo

283 3200 500 3272 negari
547 3201 784 3273 nequit,
832 3207 1069 3273 patrem
1115 3202 1485 3260 voluntatem
1528 3194 1693 3259 illam
1742 3200 1938 3258 dando
1986 3200 2063 3257 ad
2108 3207 2356 3257 mortem

283 3303 468 3360 filium
515 3305 778 3361 traxisse
821 3305 917 3362 vel
955 3304 1282 3377 inpulisse:
1333 3306 1465 3378 quis
1495 3322 1611 3362 non
1644 3304 1851 3363 videat
1883 3303 2089 3361 eadem
2120 3304 2356 3361 ratione

282 3407 633 3465 mandatum
696 3408 821 3479 illi,
893 3416 959 3465 ut
1009 3414 1258 3466 mortem
1314 3416 1526 3482 sponte
1574 3409 1933 3477 sustineret,
2006 3413 2067 3465 et
2112 3406 2357 3465 calicem

284 3526 459 3583 quem
514 3526 630 3568 non
687 3511 912 3568 invitus
957 3512 1226 3583 biberet,
1294 3512 1576 3570 dedisse?
1654 3512 1736 3569 Et
1782 3512 1832 3568 si
1876 3511 2033 3568 filius
2079 3511 2195 3568 sibi
2240 3526 2357 3567 non

437 3674 704 3729 ¹KLNP:
755 3651 931 3730 {vobis
970 3677 1266 3732 omnibus.
1308 3708 1371 3715 -
1415 3677 1637 3731 ²1a00b.
1679 3678 1725 3744 1,
1764 3679 1845 3732 17.
1887 3708 1949 3714 -
1990 3676 2149 3730 ³10h.
2187 3677 2236 3743 6,
2272 3677 2357 3730 44.
2399 3658 2405 3663 '
