2775 4400
486 225 520 277 8
1327 215 1690 276 ANSELMI

481 401 597 460 hac
654 401 828 460 multi
886 401 1201 474 postulant
1259 400 1558 472 tractari,
1630 404 1693 456 et
1748 399 1895 459 licet
1952 400 2309 474 inquirendo
2370 399 2593 459 valde

482 505 764 564 videatur
826 503 1116 575 difficilis,
1176 504 1236 562 in
1285 503 1573 562 solvendo
1617 509 1818 562 tamen
1864 504 2134 563 omnibus
2180 509 2275 561 est
2318 504 2591 562 intelle-

589 606 722 678 ssis,
795 612 876 706 et)
914 613 1165 681 propter
1224 607 1563 667 utilitatem·
1613 612 1674 664 et
1731 607 1988 665 rationis
2041 607 2587 680 pulchritudinem

479 608 876 768 {gahnss‘zffl
842 701 1142 784 quamvis
1200 727 1238 769 a
1293 711 1521 768 sanctis
1565 710 1845 804 patribus
1888 711 2030 769 inde
2076 710 2235 783 quod
2281 710 2585 770 sufficere

484 814 722 884 debeat,
780 813 1002 873 dictum
1048 815 1149 886 sit,
1195 820 1399 872 tamen
1446 814 1519 871 de
1565 814 1673 872 illa
1718 815 1962 886 curabo,
2010 813 2166 887 quod
2211 813 2356 872 mihi
2406 814 2585 872 deus

485 917 836 991 dignabitur
883 919 1158 991 aperire,
1219 918 1568 990 petentibus
1614 916 1951 974 ostendere.
2028 917 2111 974 Et
2154 917 2435 990 quoniam
2487 934 2577 976 ea

483 1037 636 1094 quae
695 1037 807 1094 per
865 1021 1411 1138 interrogatlpnem
1469 1027 1531 1078 et
1587 1021 2037 1105 responsionem
2082 1021 2573 1094 investigantur,

481 1125 686 1182 multis
734 1131 795 1183 et
837 1125 1094 1182 maxime
1125 1095 1140 1183 1
1169 1089 1514 1183 ard1or'ibus
1557 1125 1822 1196 ingeniis
1836 1121 2047 1197 magis
2077 1129 2295 1197 patent
2325 1130 2387 1181 et
2416 1124 2577 1182 ideo

481 1227 618 1301 plus
677 1227 957 1302 placent,
999 1244 1197 1287 unum
1262 1245 1336 1285 ex
1387 1228 1513 1285 illis
1559 1228 1661 1301 qui
1705 1227 1818 1286 hoc
1863 1226 2184 1300 flagitant,
2246 1228 2346 1300 qui
2392 1227 2576 1286 inter

483 1332 636 1390 alios
680 1332 1008 1390 instantius
1055 1331 1132 1389 ad
1176 1331 1292 1390 hoc
1337 1347 1429 1388 me
1476 1330 1784 1402 sollicitat,
1832 1331 2127 1404 accipiam
2164 1347 2395 1389 mecum
2436 1331 2566 1389 dis·

483 1440 816 1507 putantem,
873 1441 942 1493 ut
985 1430 1160 1495 Boso
1207 1440 1483 1508 quaerat,
1533 1439 1595 1492 et
1638 1427 1987 1494 Ansclmus
2028 1435 2398 1508 respondeat
2440 1435 2571 1493 hoc

481 1537 674 1595 modo.

654 1761 752 1832 II.
796 1764 989 1830 Boso.
1035 1769 1204 1829 Sicut
1244 1776 1450 1829 rectus
1496 1770 1643 1828 ordo
1690 1770 1903 1844 exigit,
1949 1776 2018 1828 ut
2055 1770 2361 1844 profunda
2403 1771 2559 1830 chri-

483 1873 720 1931 stianae
761 1873 902 1932 fidei
929 1875 1100 1947 prius
1133 1874 1465 1946 credamne,
1514 1891 1689 1947 quam
1724 1891 1797 1932 ea
1827 1890 2282 1947 praesumamus
2310 1875 2557 1932 ratione

484 1977 816 2035 discutere:
873 1979 966 2036 ita
1009 1977 1403 2051 neglegentia
1446 1977 1592 2048 mihi
1638 1978 1906 2049 videtur,
1956 1978 2008 2036 si
2051 1984 2371 2051 postquam
2419 1994 2553 2037 con-

481 2080 706 2138 firmati
752 2096 952 2139 sumus
997 2083 1059 2139 in
1105 2081 1242 2152 fide,
1290 2099 1405 2139 non
1454 2081 1761 2141 studemus
1802 2081 1958 2154 quod
1990 2082 2287 2140 credimus
2317 2081 2554 2139 intelle·

483 2200 648 2257 gere.
724 2183 1105 2258 Quapropter
1165 2186 1446 2259 quoniam
1501 2186 1706 2259 gratia
1752 2184 1850 2243 dei
1893 2185 2329 2259 praeveniente
2372 2184 2551 2243 fidem

481 2292 727 2346 nostrae
771 2288 1203 2362 redemptionis
1251 2290 1337 2348 sic
1378 2295 1526 2362 puto
1571 2305 1665 2346 me
1709 2295 1939 2360 tenere,
1988 2296 2057 2347 ut
2087 2290 2269 2348 etiam
2302 2290 2355 2347 si
2384 2289 2553 2347 nulla

480 2408 722 2465 possum
768 2392 923 2465 quod
970 2392 1149 2452 credo
1194 2394 1435 2451 ratione
1481 2391 1987 2465 conprehendere,
2034 2392 2185 2451 nihil
2228 2399 2430 2451 tamen
2468 2394 2555 2450 sit

481 2495 639 2568 quod
684 2496 760 2553 ab
809 2496 937 2554 eius
981 2496 1270 2555 firmitate
1313 2513 1407 2554 me
1453 2496 1660 2555 valeat
1706 2496 1999 2555 evellere:
2048 2514 2086 2555 a
2128 2502 2193 2554 te
2235 2502 2377 2570 peto
2406 2496 2552 2553 mihi

481 2600 730 2671 aperiri,
780 2600 954 2673 quod,
1004 2606 1072 2660 ut
1102 2602 1238 2672 scie,
1269 2601 1477 2673 plures
1508 2617 1735 2659 mecum
1764 2605 1999 2673 petunt,
2034 2617 2152 2673 qua
2184 2600 2551 2659 necessitate

483 2702 715 2760 scilicet
760 2709 823 2761 et
865 2706 1101 2761 ratione
1151 2704 1331 2776 deus,
1396 2720 1527 2763 cum
1572 2705 1654 2762 sit
1700 2704 2106 2776 omnipotenS,
2152 2704 2548 2763 humilitatem

483 2810 544 2861 et
604 2805 1012 2864 infirmitatem
1070 2806 1366 2865 humanae
1427 2813 1687 2865 naturae
1756 2823 1867 2879 pro
1930 2808 2057 2864 eius
2099 2807 2549 2866 restauratione

483 2910 923 2981 assumpserit?
999 2902 1364 2971 Anselmus.
1440 2910 1607 2982 Quod
1668 2910 1909 2983 quaeris
1954 2928 1992 2969 a
2036 2926 2164 2982 me,
2226 2928 2411 2985 supra
2455 2926 2548 2968 me

483 3018 609 3083 est,
674 3018 736 3069 et
793 3012 1017 3071 idcirco
1071 3013 1296 3071 altiora
1337 3030 1433 3071 me
1477 3019 1747 3072 tractare
1792 2999 2009 3087 timeo,
2070 3030 2146 3072 ne
2190 3014 2370 3086 forte,
2419 3030 2545 3073 cum

479 3116 792 3187 putaverit
837 3123 944 3175 aut
986 3118 1176 3174 etiam
1216 3118 1444 3175 viderit
1485 3118 1717 3189 aliquis·
1750 3134 1843 3175 me
1874 3134 1991 3175 nen
2021 3118 2139 3175 sibi
2170 3112 2543 3189 satisfacere,

465 3219 632 3292 plus·
657 3219 962 3278 existimet
990 3220 1082 3277 rei
1114 3221 1439 3279 veritatem
1469 3220 1614 3278 mihi
1648 3220 1922 3294 deficere,
1956 3238 2150 3295 quam
2178 3222 2540 3279 intellectum

478 3338 672 3381 meum
741 3323 820 3381 ad
882 3340 1012 3381 eam
1075 3324 1429 3397 capiendam
1488 3341 1605 3382 non
1651 3325 1939 3383 sufficere.
2017 3320 2173 3385 Bos.
2247 3324 2380 3383 Non
2436 3324 2542 3381 hoc

479 3432 715 3484 tantum
748 3427 961 3484 timere
995 3427 1198 3498 debeS,
1247 3433 1534 3501 quantum
1567 3434 1629 3486 et
1656 3429 1980 3501 reminisci,
2029 3430 2171 3502 quia
2202 3443 2384 3500 saepe
2416 3442 2539 3483 con·

479 3528 668 3601 tingit
710 3529 774 3586 in
821 3530 1208 3604 colloquendo
1257 3531 1330 3589 de
1369 3532 1575 3605 aliqua
1610 3533 1981 3605 quaestione,
2030 3537 2098 3595 ut
2131 3532 2277 3591 deus
2310 3530 2543 3605 aperiat

483 3630 638 3703 quod
682 3632 852 3704 prius
896 3633 1166 3706 latebat3
1231 3641 1294 3693 et
1339 3652 1591 3708 sperare
1640 3635 1713 3693 de
1760 3636 1965 3707 gratia
2014 3636 2145 3707 dei,
2193 3636 2333 3707 quia
2380 3635 2429 3692 si
2470 3651 2538 3693 ea
