2775 4400
705 286 863 348 OUR
908 287 1118 348 DEUS
1161 286 1411 347 HOMO.
1457 289 1509 347 I.
1556 307 1649 346 111.
1696 307 1779 349 1v.
2217 295 2289 347 11

214 470 460 542 famem,
508 469 690 542 sitim,
737 471 994 529 verbera
1035 477 1102 546 „et
1125 463 1290 529 'inter
1320 471 1589 529 latrones
1624 486 1856 530 crucem
1887 468 2293 550 mortemque¹

215 574 578 633 sustinuisse
597 569 640 632 2.
718 564 881 633 Ans.
956 573 1081 632 Nos
1140 591 1257 633 non
1313 574 1569 633 facimus
1626 575 1736 660 deo
1781 575 2065 636 iniuriam
2110 576 2295 634 ullam

215 686 330 735 aut
376 677 814 750 contumeliam,
865 677 973 735 sed
1017 683 1144 736 toto
1193 678 1371 737 corde
1414 679 1653 752 gratias
1694 684 1949 752 agentes
1979 677 2295 737 laudamus

217 787 282 839 et
327 781 752 854 praedicamus
797 780 1161 840 ineffabilem
1201 782 1584 841 altitudinem
1625 783 2078 841 misericordiae
2109 783 2292 855 illiue,

215 885 363 958 quia
410 890 635 957 quanto
683 901 792 943 nos
834 885 1170 944 mirabilius
1217 891 1278 944 et
1322 891 1571 959 praeter
1617 887 1953 959 opinionem
2002 887 2075 944 de
2102 887 2295 945 tantis

217 995 283 1046 et
338 993 462 1047 tam
522 989 744 1047 debitis
788 989 965 1047 malis
1011 989 1075 1047 in
1121 989 1336 1061 quibus
1383 1005 1655 1061 eramus,
1720 989 1798 1047 ad
1842 994 2019 1048 tanta
2067 995 2128 1047 et
2170 1000 2296 1048 tam

217 1092 496 1151 indebita
540 1093 700 1151 b'ona
746 1109 900 1165 quae
945 1091 1422 1165 perdideramuS,
1468 1093 1759 1165 restitnit,
1804 1097 1978 1151 tanto
2009 1094 2296 1151 maiorem

217 1195 602 1256 dilectionem
651 1213 801 1269 erga
845 1212 955 1254 nos
1002 1202 1063 1255 et
1107 1197 1399 1270 pietatem
1442 1198 1822 1256 monstravit.
1870 1196 1933 1256 Si
1974 1199 2132 1256 enim
2164 1197 2294 1255 dili-

215 1305 439 1372 genter
471 1300 942 1372 considerarent,
976 1316 1152 1373 quam
1173 1301 1610 1359 convenienter
1640 1301 1751 1359 hoc
1772 1296 1947 1359 modo
1969 1306 2295 1375 procurata

219 1404 305 1460 sit
362 1403 622 1461 humana
679 1405 1086 1476 restauratio,
1147 1421 1263 1462 non
1311 1403 1660 1462 deriderent
1703 1409 1971 1462 nostram
2018 1404 2295 1476 simplici-

218 1512 430 1578 tatem,
479 1507 585 1564 sed
633 1505 729 1565 dei
773 1507 1080 1565 nobiscum
1109 1507 1437 1566 laudarent
1469 1508 1805 1582 sapientem
1834 1508 2291 1580 benignitatem.

139 1591 144 1596 ⁸
221 1609 562 1683 Oportebat
605 1627 860 1688 namque
892 1615 978 1682 ut,
1027 1611 1185 1669 sicut
1213 1627 1323 1684 per
1354 1611 1607 1669 hominis
1638 1610 2109 1669 inobedientiam
2138 1626 2297 1668 mors

219 1714 650 1798 inhumanum
697 1730 888 1786 genus
934 1715 1298 1785 intraverat,
1344 1715 1436 1772 ita
1465 1731 1575 1787 per
1606 1713 1859 1773 hominis
1894 1714 2298 1772 obedientiam

219 1817 352 1874 vita
396 1811 896 1875 restitueretur3:
948 1822 1009 1874 et
1054 1817 1547 1888 quemadmodum
1592 1822 1927 1890 peccatum,
1976 1817 2133 1889 quod
2178 1816 2331 1873 fuit·

221 1936 409 1978 causa
454 1926 700 1977 nostrae
747 1920 1192 1992 dampnationis
1209 1915 1252 1992 ⁴,
1300 1919 1538 1977 initium
1581 1919 1796 1977 habuit
1840 1936 1877 1976 a
1910 1919 2158 1989 femina,
2208 1919 2297 1975 sic

222 2027 469 2080 nostrae
527 2023 806 2082 iusticiae
867 2028 930 2080 et
981 2023 1198 2081 salutis
1254 2029 1469 2081 auctor
1513 2028 1866 2080 nasceretur
1912 2022 1986 2079 de
2032 2021 2291 2080 seminat

223 2133 287 2184 et
330 2133 399 2185 ut
445 2126 740 2199 diabolus,
789 2127 891 2202 qui
935 2143 1047 2201 per
1079 2132 1317 2201 gustum
1349 2125 1504 2201 ligni
1535 2142 1709 2200 quem
1738 2126 2069 2201 persuasit,
2114 2124 2295 2182 homi·

222 2247 356 2289 nem
414 2232 680 2304 vicerat,
743 2229 873 2290 ita5
932 2248 1042 2305 per
1100 2232 1444 2304 passionem
1489 2230 1644 2303 ligni
1690 2247 1867 2303 quam
1912 2231 2154 2302 intulit,
2218 2230 2295 2287 ab

221 2335 456 2393 homine
501 2335 866 2395 vinceretur.
923 2334 1075 2394 Sunt
1120 2351 1351 2407 quoque
1398 2335 1587 2393 multa
1635 2333 1777 2405 alia,
1827 2350 1980 2407 quae
2028 2334 2296 2391 studiose

227 2438 609 2495 considerata
663 2436 1130 2497 inenarrabilem
1153 2434 1178 2471 ⁶
1233 2438 1534 2511 quandam
1580 2443 1826 2496 nostrae
1865 2437 2297 2511 redemptionis

225 2539 335 2598 hoc
377 2540 551 2597 modo
596 2546 959 2613 procuratae
1004 2540 1508 2613 pulchritudinem
1555 2540 1897 2598 ostendunt.

396 2738 526 2810 IV.
573 2741 729 2807 Bos.
791 2746 1004 2805 Omnia
1049 2746 1200 2805 haec
1242 2746 1497 2819 pulchra
1544 2751 1606 2804 et
1651 2746 1824 2819 quasi
1870 2746 2162 2819 quaedam
2210 2746 2297 2819 pi-

224 2855 433 2909 cturae
493 2850 879 2924 suscipienda
914 2856 1108 2923 sunt,
1173 2850 1280 2909 sed
1327 2851 1380 2908 si
1426 2867 1540 2908 non
1591 2847 1727 2908 est⁷
1772 2847 2001 2922 aliquid
2048 2849 2300 2908 solidum

221 2968 406 3027 super
451 2954 608 3027 quod
655 2955 925 3026 sedeant,
980 2970 1098 3011 non
1143 2954 1432 3013 videntur
1472 2948 1816 3011 infidelibus
1858 2952 2147 3024 sufficere,
2196 2969 2301 3011 cur

223 3058 397 3115 deum
431 3074 503 3115 ea
537 3074 690 3130 quae
723 3058 972 3116 dicimus
1002 3059 1134 3131 pati
1166 3058 1429 3117 voluisse
1464 3057 1711 3116 credere
1746 3056 2087 3115 debeamuS.
2142 3055 2300 3114 Nam

228 3161 327 3231 qui
372 3160 667 3232 picturam
714 3162 846 3220 vult
884 3161 1111 3233 facere,
1161 3159 1336 3233 eligit
1376 3160 1607 3233 aliquid
1642 3159 1897 3217 solidum
1930 3175 2110 3231 super
2141 3158 2299 3231 quod

224 3263 458 3335 pingat,
506 3269 574 3321 ut
617 3270 862 3322 maneat
906 3264 1064 3337 quod
1106 3265 1326 3337 pingit.
1373 3264 1561 3322 Nemo
1608 3264 1764 3321 enim
1809 3263 2012 3335 pingit
2043 3262 2106 3320 in
2136 3278 2294 3333 aqua

371 3506 492 3587 CM:
539 3534 743 3587 crucis
780 3534 1053 3586 mortem.
1090 3563 1157 3571 -
1197 3531 1388 3585 ²edd.:
1428 3531 1708 3585 subiisse.
1747 3562 1814 3570 -—-
1854 3532 1875 3565 ⁸
1898 3530 2013 3585 Cfr.
2051 3529 2211 3584 Rom.
2248 3532 2297 3597 5,

230 3621 308 3675 19.
347 3650 410 3658 —
451 3620 473 3655 ⁴
494 3619 580 3674 M:
610 3619 1018 3688 perdicionis.
1045 3650 1108 3657 —
1138 3621 1158 3653 ⁵
1179 3619 1269 3672 ita
1298 3618 1460 3672 deest
1486 3619 1544 3671 in
1570 3617 1691 3671 edd.
1721 3648 1785 3656 -
1814 3620 1835 3651 ⁶
1856 3614 2300 3671 ACKLMNOP:

223 3706 752 3773 inenarrabilem,·
787 3704 887 3759 aL:
925 3705 1321 3775 ineffabilem.
1348 3735 1413 3743 —
1444 3706 1464 3739 ⁷
1487 3707 1578 3758 est
1604 3701 1946 3773 KLMNOP3
1972 3704 2171 3773 vulgo:
2199 3704 2299 3757 sit.
