2775 4400
747 259 903 318 OUR
949 259 1159 319 DEUS
1206 258 1455 318 HOMO.
1498 261 1582 318 ΙΙ.
1632 279 1782 320 xv11.
2233 267 2315 320 89

210 441 624 514 Quapropter
684 459 813 500 cum
877 443 1160 514 dicimuS,
1219 443 1360 515 quia
1415 443 1586 500 homo
1641 444 1783 516 ille,
1847 446 1946 518 qui
1994 435 2316 506 secundum

207 547 536 604 unitatem
577 561 898 618 personae,
947 547 1103 608 sicut
1147 541 1370 618 supra¹
1426 546 1648 604 dictum
1686 529 1808 619 est,
1858 548 2013 605 idem
2060 549 2193 622 ipse
2225 557 2324 608 est

207 650 314 720 qui
383 649 564 707 filius
629 649 725 706 dei
781 649 964 720 deuS,
1027 666 1144 706 non
1187 650 1387 722 potuit
1430 666 1547 707 non
1594 652 1779 722 mori,
1844 659 1955 709 aut
1997 652 2155 710 velle
2200 669 2317 710 non

205 752 410 823 mori,
500 757 819 825 postquam
888 752 961 809 de
1023 747 1263 824 virgine
1325 759 1505 810 natus
1565 759 1690 824 est,
1764 771 1881 812 non
1942 755 2325 828 significatur

205 856 272 912 in
321 855 448 913 illo
500 855 626 913 ulla
672 857 1010 928 inpotentia
1057 856 1362 927 servandi,
1410 862 1518 913 aut
1561 857 1803 915 volendi
1851 874 2099 932 servare
2133 859 2320 916 vitam

208 974 397 1016 suam
469 958 885 1030 inmortalem,
948 959 1053 1016 sed
1112 959 1553 1017 inmutabilitas
1599 960 1933 1018 voluntatis
1978 962 2139 1034 eius,
2202 979 2323 1034 qua

209 1077 278 1118 se
347 1067 585 1134 sponte
645 1061 794 1120 fecit
853 1062 933 1120 ad
978 1062 1090 1120 hoc
1133 1062 1462 1133 hominem,
1523 1069 1591 1120 ut
1645 1064 1707 1121 in
1755 1064 1964 1123 eadem
2010 1065 2324 1124 voluntate

208 1181 649 1236 perseverans
695 1171 1062 1236 moreretur,
1119 1171 1180 1222 et
1227 1165 1366 1238 quia
1414 1166 1581 1224 nulla
1625 1184 1725 1224 res
1770 1169 1969 1239 potuit
2012 1168 2179 1226 illam
2222 1185 2321 1226 vo-

208 1267 540 1326 luntatem
581 1273 833 1326 mutare.
881 1268 1029 1325 Plus
1063 1270 1214 1326 enim
1252 1275 1414 1326 esset
1442 1270 1783 1342 inpotentia
1814 1286 1991 1353 quam
2022 1272 2324 1343 potentia,

213 1372 270 1428 si
320 1377 553 1444 posset
589 1371 746 1430 velle
786 1373 1048 1442 menti-ri,
1098 1379 1205 1430 aut
1233 1371 1474 1444 fallere,
1526 1379 1633 1430 aut
1663 1380 1895 1432 mutare
1931 1374 2324 1446 voluntatem,

218 1491 418 1546 quam
467 1476 639 1548 prius
685 1475 1097 1533 inmutabilem
1146 1492 1277 1533 esse
1322 1477 1536 1537 voluit.
1584 1477 1667 1534 Et
1711 1467 1799 1549 si,
1832 1478 2323 1550 quemadmodum

217 1574 476 1652 supra2
554 1579 712 1651 dixi,
791 1596 921 1637 cum
996 1579 1215 1652 aliquis
1277 1597 1344 1637 se
1408 1586 1621 1653 sponte
1680 1583 1963 1654 proponit
2022 1582 2323 1640 facturum

219 1682 465 1740 bonnm
525 1682 770 1755 aliquod
834 1689 896 1740 et
956 1683 1164 1741 eadem
1227 1684 1541 1742 voluntate
1604 1691 1819 1757 postea
1872 1685 2111 1757 perficit
2167 1685 2323 1757 quod

219 1787 583 1859 proposuit,
631 1787 902 1858 quamvis
949 1787 1084 1859 cogi
1128 1788 1327 1859 possit
1367 1788 1418 1844 si
1463 1786 1615 1844 nolit
1658 1789 2015 1860 promissum
2063 1788 2323 1860 solvere,

225 1905 356 1946 non
409 1895 613 1946 tamen
661 1896 755 1947 est
799 1890 1088 1948 dicendus
1132 1892 1498 1948 necessitate
1542 1890 1747 1949 facere
1795 1892 1951 1962 quod
1996 1891 2167 1962 facit,
2218 1891 2324 1948 sed

228 2007 308 2050 ea
381 2010 506 2065 qua
548 1994 866 2065 proposuit
908 1993 1105 2052 libera
1150 1993 1497 2064 voluntate,
1568 2011 1687 2051 non
1733 1994 1887 2051 enim
1934 1995 2326 2065 necessitate,

231 2103 352 2153 aut
406 2097 748 2169 inpotentia
792 2097 955 2168 fieri,
1019 2096 1117 2156 vel
1162 2114 1280 2155 non
1324 2098 1456 2154 fieri
1503 2098 1623 2155 dici
1669 2096 1851 2155 debet
1895 2098 2157 2170 aliquid,
2220 2099 2326 2156 ubi

232 2187 443 2274 neque
505 2202 870 2274 necessitaS,
934 2218 1126 2274 neque
1190 2203 1535 2274 inpotentia
1595 2203 1911 2275 quicquam
1964 2207 2329 2275 operantur,

237 2306 356 2363 sed
404 2305 717 2365 voluntas:
790 2306 861 2377 si,
908 2306 1169 2377 inquam,
1217 2306 1304 2363 ita
1352 2310 1447 2363 est
1489 2307 1552 2363 in
1597 2307 1850 2377 homine,
1898 2307 2088 2363 multo
2130 2307 2333 2377 magis

237 2409 621 2479 necessitaS,
679 2414 787 2466 aut
831 2409 1170 2481 inpotentia
1216 2425 1594 2479 nequaquam
1638 2388 2037 2466 nominandae
2084 2414 2223 2465 sunt
2265 2410 2328 2465 in

244 2512 399 2584 deo,
463 2513 565 2585 qui
623 2511 774 2572 nihil
831 2512 950 2569 nisi
1011 2512 1165 2585 quod
1227 2511 1359 2570 vult
1418 2511 1573 2569 facit
1634 2518 1695 2569 et
1742 2513 1909 2570 cuius
1957 2511 2327 2569 voluntatem

242 2617 422 2674 nulla
467 2617 561 2674 vis
607 2632 843 2688 cogere,
893 2600 1000 2673 aut
1043 2616 1362 2688 prohibere
1410 2615 1593 2673 valet.
1641 2615 1738 2672 Ad
1783 2615 1895 2673 hoc
1940 2616 2094 2672 enim
2136 2614 2337 2673 valuit

247 2720 312 2777 in
346 2720 582 2779 Christo
631 2720 957 2779 diversitas
997 2725 1349 2778 naturarum
1384 2723 1445 2775 et
1476 2720 1679 2776 unitas
1709 2735 2026 2792 personae,
2075 2724 2143 2775 ut
2174 2720 2330 2791 quod

250 2841 404 2897 opus
452 2828 587 2881 erat
631 2823 765 2882 fieri
810 2823 888 2880 ad
933 2824 1229 2881 hominum
1274 2821 1784 2881 restaurationem
1830 2823 1882 2880 si
1922 2823 2185 2880 humana
2213 2840 2332 2880 non

249 2932 462 2999 posset
505 2932 764 2999 natura,
827 2927 1063 2985 faceret
1110 2927 1353 2997 divina,
1417 2932 1479 2983 et
1524 2927 1577 2984 si
1625 2927 1866 2985 divinae
1912 2927 2151 2983 minime
2198 2942 2332 2984 con-

251 3032 527 3102 veniret,
585 3031 900 3088 exhiberet
943 3032 1236 3101 humana,
1285 3036 1346 3087 et
1392 3047 1509 3088 non
1555 3030 1711 3088 alius
1758 3035 1939 3102 atque
1986 3030 2177 3101 aliUS,
2226 3030 2331 3086 sed

251 3135 414 3200 idem
459 3135 591 3207 ipse
638 3141 818 3206 esset,
867 3135 966 3207 qui
1011 3139 1344 3206 utrumque=
1371 3134 1645 3207 perfecte
1694 3134 1957 3190 existens
1989 3148 2100 3204 per
2129 3133 2335 3189 huma-

256 3257 395 3298 nam
458 3240 723 3298 solveret
783 3239 939 3311 quod
994 3238 1102 3296 illa
1166 3238 1461 3309 debebat,
1527 3243 1587 3295 et
1644 3253 1754 3309 per
1818 3236 2080 3294 divinam
2126 3242 2340 3308 posset

257 3344 416 3417 quod
479 3343 859 3415 expediebat.
936 3342 1208 3414 Denique
1264 3342 1441 3414 virgo
1504 3358 1656 3413 quae
1717 3357 1826 3413 per
1885 3340 2059 3397 fidem
2113 3338 2337 3396 munda

257 3448 430 3505 facta
493 3452 618 3518 est,
681 3452 749 3503 ut
809 3446 882 3503 de
927 3446 1034 3503 illa
1080 3451 1288 3518 posset
1332 3446 1589 3517 assumi,
1652 3460 2029 3517 nequaquam
2077 3442 2342 3499 credidit

408 3673 577 3740 ¹Cap.
615 3673 746 3728 VII.
785 3705 849 3711 ——
891 3672 1063 3739 ²Cap.
1101 3674 1169 3727 V.
