2775 4400
395 235 476 288 54
1239 225 1601 285 ANSELMI

392 428 502 484 pro
563 415 814 483 peccato
877 409 1059 468 debet
1114 409 1374 466 reddere
1429 414 1649 482 potest.
1726 407 1951 481 Sponte
1996 423 2253 481 namque
2296 409 2472 480 fecit,

394 514 551 571 unde
596 513 865 585 perdidit
909 513 1076 571 illam
1119 517 1484 586 potestatem
1530 518 1594 569 et
1638 512 1882 570 devenit
1920 513 1983 570 in
2013 512 2169 570 hanc
2199 513 2473 584 inpoten-

392 618 560 675 tiam.
632 615 800 674 Idem
863 617 1017 674 enim
1073 622 1167 673 est
1222 631 1339 673 non
1383 615 1609 672 habere
1652 621 2015 688 potestatem
2067 631 2243 687 quam
2288 615 2477 673 debet

393 720 654 791 habere,
717 726 778 777 et
837 720 1063 777 habere
1122 721 1519 792 inpotentiam
1579 736 1755 790 quam
1818 720 1997 777 debet
2060 736 2177 776 non
2220 718 2473 776 habere.

394 823 774 896 Quapropter
819 801 1158 895 inpotentia
1197 823 1497 880 ‘reddendi
1544 822 1654 880 deo
1695 822 1850 894 quod
1886 823 2084 894 debet,
2133 838 2287 894 quae
2317 822 2479 880 facit

393 933 462 984 ut
506 943 623 985 11011
668 926 922 997 reddat,
970 920 1087 983 non
1135 933 1384 984 excusat
1428 926 1755 998 hominem,
1803 926 1856 990 si
1900 943 2017 984 non
2061 925 2284 998 reddit,
2332 941 2476 997 quo-

395 1032 556 1088 niam
617 1030 891 1087 effectum
949 1030 1186 1102 peccati
1247 1046 1363 1086 non
1426 1033 1677 1086 excusat
1734 1034 2049 1102 peccatum
2095 1029 2253 1101 quod
2296 1028 2474 1086 facit.

396 1127 552 1193 Bos.
598 1132 680 1190 Et
724 1149 917 1205 grave
963 1133 1138 1189 nimis
1185 1137 1279 1189 est
1325 1137 1387 1190 et
1432 1133 1522 1190 ita
1568 1148 1700 1190 esse
1730 1149 1976 1190 necesse
2010 1138 2121 1189 est.
2168 1125 2331 1190 Ans,
2377 1131 2475 1188 Iu-

395 1237 590 1294 iustus
637 1253 782 1309 ergo
828 1236 997 1293 homo
1047 1241 1158 1307 est,
1207 1236 1307 1307 qui
1351 1252 1470 1293 non
1501 1235 1706 1293 reddit
1738 1235 1848 1292 deo
1882 1235 2037 1308 quod
2070 1235 2267 1292 debet.
2316 1229 2476 1294 Bos·

395 1339 585 1396 Nimis
645 1345 739 1397 est
797 1355 1037 1410 verum,
1100 1356 1238 1396 nam
1296 1339 1557 1396 iniustus
1618 1345 1712 1396 est
1765 1339 1905 1411 quia
1950 1355 2069 1396 non
2111 1338 2350 1410 reddit,
2416 1343 2481 1395 et

396 1443 654 1500 iniustus
716 1447 810 1500 est
856 1444 996 1515 quia
1041 1442 1298 1500 reddere
1345 1443 1569 1515 nequit.
1648 1434 1807 1501 Ans.
1879 1442 2097 1516 Nullus
2142 1447 2345 1499 autem
2390 1442 2478 1499 in-

396 1547 591 1602 iustus
635 1546 989 1603 admittetur
1035 1547 1114 1604 ad
1153 1545 1611 1617 beatitudinem,
1664 1545 1941 1617 quoniam
1982 1544 2481 1617 quemadmodum

396 1648 709 1706 beatitudo
773 1654 866 1705 est
923 1649 1278 1706 sufficientia
1324 1649 1388 1706 in
1434 1666 1550 1721 qua
1597 1649 1765 1706 nulla
1812 1654 1907 1706 est
1950 1648 2325 1720 indigentia,
2392 1649 2480 1706 sic

397 1751 548 1809 nulli
609 1752 888 1811 convenit
945 1753 1063 1810 nisi
1115 1753 1178 1810 in
1225 1768 1338 1824 quo
1382 1753 1473 1810 ita
1517 1769 1672 1824 pura
1720 1757 1813 1810 est
1856 1752 2098 1809 iusticia
2119 1795 2134 1822 ,
2196 1756 2264 1808 ut
2307 1752 2477 1809 nulla

397 1855 459 1912 in
506 1872 574 1914 eo
621 1856 702 1913 sit
744 1856 1071 1913 iniusticia.
1133 1849 1286 1914 Bos.
1333 1855 1470 1913 Non
1514 1855 1706 1913 audeo
1754 1855 1935 1912 aliter
1984 1855 2252 1912 credere.
2313 1847 2477 1914 Ans.

399 1958 510 2028 Qui
570 1975 716 2031 ergo
777 1975 895 2016 non
955 1958 1136 2016 solvit
1195 1958 1306 2016 deo
1368 1958 1527 2030 quod
1587 1959 1800 2031 debet,
1877 1975 1995 2016 11011
2053 1958 2283 2030 poterit
2344 1965 2527 2016 esse·

399 2063 635 2118 beatus
685 2056 839 2121 Bos.
889 2061 1016 2120 Nec
1044 2039 1156 2120 hoc
1187 2063 1469 2134 consequi
1506 2078 1735 2135 negare
1764 2078 2025 2135 possum.
2058 2054 2221 2121 Ans,
2254 2062 2480 2133 Quodsi

399 2165 491 2222 vis
537 2164 756 2236 dicere,
802 2165 1142 2223 misericors
1188 2165 1336 2224 deus
1382 2165 1632 2224 dimittit
1676 2166 2045 2239 supplicanti
2092 2166 2249 2240 quod
2297 2165 2479 2224 debet

399 2268 623 2325 idcirco
694 2268 834 2339 quia
902 2268 1159 2326 reddere
1219 2271 1462 2342 nequit,
1531 2287 1649 2328 non
1709 2275 1911 2342 potest
1973 2270 2092 2327 dici
2152 2269 2475 2341 dimittere,

401 2371 518 2429 nisi
565 2377 671 2429 aut
713 2371 844 2443 11οο,
893 2373 1048 2443 quod
1094 2373 1264 2430 homo
1313 2378 1526 2445 sponte
1570 2373 1828 2431 reddere
1877 2374 2057 2431 debet
2100 2390 2213 2431 nec
2255 2378 2475 2446 potest,

399 2476 462 2533 id
510 2480 634 2547 est,
698 2474 855 2548 quod
899 2469 1347 2548 recompensari
1392 2478 1587 2549 possit
1629 2482 1917 2549 peccat0,
1983 2476 2139 2549 quod
2184 2476 2318 2534 fieri
2363 2495 2477 2535 non

403 2574 693 2637 deberet¹
755 2596 866 2652 pro
931 2581 1391 2639 conservatione
1437 2581 1625 2637 omnis
1669 2581 1761 2638 rei
1808 2597 1960 2653 quae
2010 2580 2157 2637 deus
2202 2597 2319 2638 non
2366 2587 2476 2652 est,

403 2690 510 2740 aut
554 2684 684 2754 hoc,
735 2683 892 2755 quod
937 2684 1238 2755 puniendo
1287 2682 1603 2741 ablaturus
1636 2690 1773 2741 erat
1798 2684 2013 2755 invito,
2062 2684 2220 2742 sicut
2250 2679 2477 2756 supra²

405 2785 558 2856 dixi,
630 2785 693 2842 id
747 2780 855 2842 'est
909 2787 1379 2857 beatitudinem3
1460 2787 1567 2844 sed
1628 2788 1680 2843 si
1742 2787 1991 2844 dimittit
2049 2786 2205 2859 quod
2268 2793 2478 2861 sponte

401 2887 658 2945 reddere
722 2888 902 2945 debet
958 2888 1128 2946 homo
1191 2889 1326 2947 ideo
1383 2890 1523 2962 quia
1568 2890 1825 2948 reddere
1872 2906 1985 2948 non
2033 2896 2275 2963 potest,
2340 2890 2480 2963 quid

405 2997 498 3048 est
557 2990 759 3063 aliud,
821 3008 998 3064 quam
1059 2993 1310 3051 dimittit
1367 2994 1514 3051 deus
1577 2994 1732 3065 quod
1786 2994 2009 3051 habere
2068 3010 2186 3051 non⁴
2230 2996 2477 3066 petest?

403 3094 519 3153 Sed
569 3095 790 3152 derisio
841 3100 964 3167 est,
1013 3102 1080 3153 ut
1124 3096 1268 3154 talis
1312 3098 1725 3155 misericordia
1773 3097 1883 3164 deo
1930 3097 2321 3155 attribuatur.
2399 3096 2482 3154 At

404 3200 454 3255 si
513 3199 762 3257 dimittit
809 3200 963 3271 quod
1011 3200 1200 3259 invito
1250 3207 1383 3257 erat
1430 3200 1746 3258 ablaturus
1790 3206 2043 3273 propter
2087 3201 2481 3273 inpotentiam

402 3302 696 3361 reddendi
744 3303 900 3375 quod
948 3311 1160 3376 sponte
1208 3304 1467 3362 reddere
1516 3304 1713 3376 debet,
1762 3304 2005 3363 relaxat
2052 3304 2198 3361 deus
2228 3320 2483 3377 poenam

404 3411 466 3461 et
525 3405 677 3463 facit
739 3408 981 3464 beatum
1042 3408 1333 3465 hominem
1394 3413 1647 3480 propter
1701 3414 2050 3480 peccatum,
2116 3407 2256 3480 quia
2300 3408 2483 3465 habet

551 3628 782 3682 ¹KMN:
823 3631 1011 3684 debet.
1053 3662 1115 3667 —
1159 3632 1317 3697 ²cap.
1357 3630 1439 3683 14.
