<?xml version="1.0" encoding="UTF-8"?>
<!DOCTYPE html PUBLIC "-//W3C//DTD XHTML 1.0 Transitional//EN"
    "http://www.w3.org/TR/xhtml1/DTD/xhtml1-transitional.dtd">
<html xmlns="http://www.w3.org/1999/xhtml" xml:lang="en" lang="en">
 <head>
  <title>
</title>
<meta http-equiv="Content-Type" content="text/html;charset=utf-8" />
  <meta name='ocr-system' content='tesseract 3.04.00' />
  <meta name='ocr-capabilities' content='ocr_page ocr_carea ocr_par ocr_line ocrx_word'/>
</head>
<body>
  <div class='ocr_page' id='page_1' title='image "anselmicantuari00unkngoog_0050.png"; bbox 0 0 2775 4400; ppageno 0'>
   <div class='ocr_carea' id='block_1_1' title="bbox 447 259 1658 344">
    <p class='ocr_par' dir='ltr' id='par_1_1' title="bbox 447 259 1658 344">
     <span class='ocr_line' id='line_1_1' title="bbox 447 259 1658 344; baseline -0.002 -26"><span class='ocrx_word' id='word_1_1' title='bbox 447 265 524 318; x_wconf 85' lang='lat'>36</span> <span class='ocrx_word' id='word_1_2' title='bbox 1296 259 1658 344; x_wconf 73' lang='lat' dir='ltr'>ANSELMI</span> 
     </span>
    </p>
   </div>
   <div class='ocr_carea' id='block_1_2' title="bbox 443 442 2533 3415">
    <p class='ocr_par' dir='ltr' id='par_1_2' title="bbox 443 442 2533 3415">
     <span class='ocr_line' id='line_1_2' title="bbox 446 442 2533 515; baseline -0.001 -14"><span class='ocrx_word' id='word_1_3' title='bbox 446 449 640 515; x_wconf 89' lang='lat' dir='ltr'>esset,</span> <span class='ocrx_word' id='word_1_4' title='bbox 708 443 951 501; x_wconf 88' lang='lat' dir='ltr'>videtur</span> <span class='ocrx_word' id='word_1_5' title='bbox 994 443 1158 514; x_wconf 87' lang='lat' dir='ltr'>mihi,</span> <span class='ocrx_word' id='word_1_6' title='bbox 1206 443 1347 515; x_wconf 87' lang='lat' dir='ltr'>quia</span> <span class='ocrx_word' id='word_1_7' title='bbox 1394 459 1468 500; x_wconf 84' lang='lat' dir='ltr'>ex</span> <span class='ocrx_word' id='word_1_8' title='bbox 1514 443 1879 501; x_wconf 82' lang='lat' dir='ltr'>necessitate</span> <span class='ocrx_word' id='word_1_9' title='bbox 1925 447 2033 500; x_wconf 91' lang='lat' dir='ltr'>aut</span> <span class='ocrx_word' id='word_1_10' title='bbox 2076 442 2267 515; x_wconf 78' lang='lat' dir='ltr'><strong>aliqui</strong></span> <span class='ocrx_word' id='word_1_11' title='bbox 2313 442 2533 514; x_wconf 86' lang='lat' dir='ltr'>angeli</span> 
     </span>
     <span class='ocr_line' id='line_1_3' title="bbox 445 545 2531 618; baseline -0.001 -13"><span class='ocrx_word' id='word_1_12' title='bbox 445 548 543 605; x_wconf 89' lang='lat' dir='ltr'>vel</span> <span class='ocrx_word' id='word_1_13' title='bbox 585 548 852 605; x_wconf 92' lang='lat' dir='ltr'>homines</span> <span class='ocrx_word' id='word_1_14' title='bbox 899 547 1098 604; x_wconf 88' lang='lat' dir='ltr'>casuri</span> <span class='ocrx_word' id='word_1_15' title='bbox 1143 550 1342 616; x_wconf 86' lang='lat' dir='ltr'>erant,</span> <span class='ocrx_word' id='word_1_16' title='bbox 1390 551 1499 603; x_wconf 89' lang='lat' dir='ltr'>aut</span> <span class='ocrx_word' id='word_1_17' title='bbox 1540 547 1749 618; x_wconf 87' lang='lat' dir='ltr'>plures</span> <span class='ocrx_word' id='word_1_18' title='bbox 1789 551 1995 604; x_wconf 89' lang='lat' dir='ltr'>essent</span> <span class='ocrx_word' id='word_1_19' title='bbox 2032 546 2094 603; x_wconf 90' lang='lat' dir='ltr'>in</span> <span class='ocrx_word' id='word_1_20' title='bbox 2122 545 2233 603; x_wconf 89' lang='lat' dir='ltr'>illa</span> <span class='ocrx_word' id='word_1_21' title='bbox 2267 546 2531 604; x_wconf 91' lang='lat' dir='ltr'>caelesti</span> 
     </span>
     <span class='ocr_line' id='line_1_4' title="bbox 447 649 2523 722; baseline -0.001 -13"><span class='ocrx_word' id='word_1_22' title='bbox 447 652 727 722; x_wconf 87' lang='lat' dir='ltr'>civitate,</span> <span class='ocrx_word' id='word_1_23' title='bbox 785 667 960 722; x_wconf 87' lang='lat' dir='ltr'>quam</span> <span class='ocrx_word' id='word_1_24' title='bbox 1014 650 1124 708; x_wconf 89' lang='lat' dir='ltr'>illa</span> <span class='ocrx_word' id='word_1_25' title='bbox 1167 649 1429 721; x_wconf 87' lang='lat' dir='ltr'>perfecti</span> <span class='ocrx_word' id='word_1_26' title='bbox 1473 651 1707 707; x_wconf 89' lang='lat' dir='ltr'>numeri</span> <span class='ocrx_word' id='word_1_27' title='bbox 1753 651 2170 709; x_wconf 86' lang='lat' dir='ltr'>convenientia</span> <span class='ocrx_word' id='word_1_28' title='bbox 2218 650 2523 722; x_wconf 85' lang='lat' dir='ltr'>exigeret.</span> 
     </span>
     <span class='ocr_line' id='line_1_5' title="bbox 445 752 2520 827; baseline -0.002 -14"><span class='ocrx_word' id='word_1_29' title='bbox 445 754 506 813; x_wconf 89' lang='lat' dir='ltr'>Si</span> <span class='ocrx_word' id='word_1_30' title='bbox 555 771 700 827; x_wconf 88' lang='lat' dir='ltr'>ergo</span> <span class='ocrx_word' id='word_1_31' title='bbox 746 755 942 811; x_wconf 87' lang='lat' dir='ltr'>omnia</span> <span class='ocrx_word' id='word_1_32' title='bbox 987 753 1162 810; x_wconf 89' lang='lat' dir='ltr'>simul</span> <span class='ocrx_word' id='word_1_33' title='bbox 1204 752 1374 810; x_wconf 85' lang='lat' dir='ltr'>facta</span> <span class='ocrx_word' id='word_1_34' title='bbox 1421 758 1578 824; x_wconf 89' lang='lat' dir='ltr'>sunt,</span> <span class='ocrx_word' id='word_1_35' title='bbox 1626 753 1714 810; x_wconf 88' lang='lat' dir='ltr'>sic</span> <span class='ocrx_word' id='word_1_36' title='bbox 1753 753 2036 812; x_wconf 87' lang='lat' dir='ltr'>videntur</span> <span class='ocrx_word' id='word_1_37' title='bbox 2067 753 2272 825; x_wconf 86' lang='lat' dir='ltr'>angeli</span> <span class='ocrx_word' id='word_1_38' title='bbox 2305 758 2368 810; x_wconf 91' lang='lat' dir='ltr'>et</span> <span class='ocrx_word' id='word_1_39' title='bbox 2400 752 2520 810; x_wconf 90' lang='lat' dir='ltr'>duo</span> 
     </span>
     <span class='ocr_line' id='line_1_6' title="bbox 443 851 2515 931; baseline -0.001 -15"><span class='ocrx_word' id='word_1_40' title='bbox 443 860 623 931; x_wconf 90' lang='lat' dir='ltr'>primi</span> <span class='ocrx_word' id='word_1_41' title='bbox 671 858 940 916; x_wconf 87' lang='lat' dir='ltr'>homines</span> <span class='ocrx_word' id='word_1_42' title='bbox 991 857 1056 913; x_wconf 88' lang='lat' dir='ltr'>in</span> <span class='ocrx_word' id='word_1_43' title='bbox 1097 873 1341 914; x_wconf 90' lang='lat' dir='ltr'>numero</span> <span class='ocrx_word' id='word_1_44' title='bbox 1385 851 1703 928; x_wconf 85' lang='lat' dir='ltr'>perfecto¹</span> <span class='ocrx_word' id='word_1_45' title='bbox 1748 857 1972 927; x_wconf 85' lang='lat' dir='ltr'>fuisse,</span> <span class='ocrx_word' id='word_1_46' title='bbox 2030 861 2100 914; x_wconf 90' lang='lat' dir='ltr'>ut</span> <span class='ocrx_word' id='word_1_47' title='bbox 2144 855 2218 913; x_wconf 90' lang='lat' dir='ltr'>de</span> <span class='ocrx_word' id='word_1_48' title='bbox 2262 856 2515 913; x_wconf 87' lang='lat' dir='ltr'>homini-</span> 
     </span>
     <span class='ocr_line' id='line_1_7' title="bbox 443 959 2523 1036; baseline -0.002 -16"><span class='ocrx_word' id='word_1_49' title='bbox 443 963 588 1036; x_wconf 90' lang='lat' dir='ltr'>bus,</span> <span class='ocrx_word' id='word_1_50' title='bbox 653 962 703 1019; x_wconf 90' lang='lat' dir='ltr'>si</span> <span class='ocrx_word' id='word_1_51' title='bbox 760 961 958 1018; x_wconf 88' lang='lat' dir='ltr'>nullus</span> <span class='ocrx_word' id='word_1_52' title='bbox 1004 959 1258 1032; x_wconf 84' lang='lat' dir='ltr'>angelus</span> <span class='ocrx_word' id='word_1_53' title='bbox 1307 959 1588 1030; x_wconf 88' lang='lat' dir='ltr'>caderet,</span> <span class='ocrx_word' id='word_1_54' title='bbox 1651 959 1808 1032; x_wconf 87' lang='lat' dir='ltr'>quod</span> <span class='ocrx_word' id='word_1_55' title='bbox 1854 959 2069 1018; x_wconf 88' lang='lat' dir='ltr'>deerat</span> <span class='ocrx_word' id='word_1_56' title='bbox 2112 960 2301 1017; x_wconf 90' lang='lat' dir='ltr'>solum</span> <span class='ocrx_word' id='word_1_57' title='bbox 2346 959 2523 1032; x_wconf 89' lang='lat' dir='ltr'>perfi-</span> 
     </span>
     <span class='ocr_line' id='line_1_8' title="bbox 447 1062 2521 1137; baseline -0.002 -13"><span class='ocrx_word' id='word_1_58' title='bbox 447 1072 719 1137; x_wconf 89' lang='lat' dir='ltr'>ceretur,</span> <span class='ocrx_word' id='word_1_59' title='bbox 784 1070 846 1121; x_wconf 92' lang='lat' dir='ltr'>et</span> <span class='ocrx_word' id='word_1_60' title='bbox 904 1065 955 1121; x_wconf 90' lang='lat' dir='ltr'>si</span> <span class='ocrx_word' id='word_1_61' title='bbox 1009 1063 1229 1135; x_wconf 88' lang='lat' dir='ltr'>aliquis</span> <span class='ocrx_word' id='word_1_62' title='bbox 1283 1064 1549 1136; x_wconf 90' lang='lat' dir='ltr'>periret,</span> <span class='ocrx_word' id='word_1_63' title='bbox 1613 1063 1724 1121; x_wconf 88' lang='lat' dir='ltr'>hoc</span> <span class='ocrx_word' id='word_1_64' title='bbox 1770 1080 2001 1136; x_wconf 87' lang='lat' dir='ltr'>quoque</span> <span class='ocrx_word' id='word_1_65' title='bbox 2048 1062 2205 1136; x_wconf 87' lang='lat' dir='ltr'>quod</span> <span class='ocrx_word' id='word_1_66' title='bbox 2252 1063 2521 1135; x_wconf 86' lang='lat' dir='ltr'>caderet,</span> 
     </span>
     <span class='ocr_line' id='line_1_9' title="bbox 446 1166 2525 1240; baseline -0.001 -14"><span class='ocrx_word' id='word_1_67' title='bbox 446 1169 904 1226; x_wconf 82' lang='lat' dir='ltr'>restitueretur:</span> <span class='ocrx_word' id='word_1_68' title='bbox 955 1172 1014 1224; x_wconf 89' lang='lat' dir='ltr'>et</span> <span class='ocrx_word' id='word_1_69' title='bbox 1060 1166 1314 1224; x_wconf 90' lang='lat' dir='ltr'>hominis</span> <span class='ocrx_word' id='word_1_70' title='bbox 1362 1172 1586 1224; x_wconf 86' lang='lat' dir='ltr'>natura</span> <span class='ocrx_word' id='word_1_71' title='bbox 1631 1183 1786 1238; x_wconf 88' lang='lat' dir='ltr'>quae</span> <span class='ocrx_word' id='word_1_72' title='bbox 1825 1167 2115 1224; x_wconf 88' lang='lat' dir='ltr'><strong>infirmior</strong></span> <span class='ocrx_word' id='word_1_73' title='bbox 2147 1172 2299 1238; x_wconf 86' lang='lat' dir='ltr'>erat,</span> <span class='ocrx_word' id='word_1_74' title='bbox 2350 1169 2525 1240; x_wconf 90' lang='lat' dir='ltr'>quasi</span> 
     </span>
     <span class='ocr_line' id='line_1_10' title="bbox 448 1270 2523 1343; baseline -0.001 -14"><span class='ocrx_word' id='word_1_75' title='bbox 448 1273 622 1330; x_wconf 91' lang='lat' dir='ltr'>deum</span> <span class='ocrx_word' id='word_1_76' title='bbox 667 1277 988 1329; x_wconf 85' lang='lat' dir='ltr'>excusaret</span> <span class='ocrx_word' id='word_1_77' title='bbox 1033 1278 1216 1343; x_wconf 89' lang='lat' dir='ltr'>atque</span> <span class='ocrx_word' id='word_1_78' title='bbox 1264 1270 1567 1328; x_wconf 87' lang='lat' dir='ltr'>diabolum</span> <span class='ocrx_word' id='word_1_79' title='bbox 1616 1270 2031 1341; x_wconf 85' lang='lat' dir='ltr'>confunderet,</span> <span class='ocrx_word' id='word_1_80' title='bbox 2080 1271 2133 1327; x_wconf 92' lang='lat' dir='ltr'>si</span> <span class='ocrx_word' id='word_1_81' title='bbox 2170 1271 2276 1327; x_wconf 93' lang='lat' dir='ltr'>ille</span> <span class='ocrx_word' id='word_1_82' title='bbox 2320 1287 2523 1330; x_wconf 85' lang='lat' dir='ltr'>casum</span> 
     </span>
     <span class='ocr_line' id='line_1_11' title="bbox 446 1374 2518 1446; baseline 0 -14"><span class='ocrx_word' id='word_1_83' title='bbox 446 1392 614 1432; x_wconf 88' lang='lat' dir='ltr'>suum</span> <span class='ocrx_word' id='word_1_84' title='bbox 658 1374 998 1432; x_wconf 86' lang='lat' dir='ltr'>infirmitati</span> <span class='ocrx_word' id='word_1_85' title='bbox 1045 1391 1190 1445; x_wconf 87' lang='lat' dir='ltr'>suae</span> <span class='ocrx_word' id='word_1_86' title='bbox 1234 1374 1566 1446; x_wconf 84' lang='lat' dir='ltr'>inputaret,</span> <span class='ocrx_word' id='word_1_87' title='bbox 1616 1391 1745 1432; x_wconf 89' lang='lat' dir='ltr'>cum</span> <span class='ocrx_word' id='word_1_88' title='bbox 1788 1374 1924 1446; x_wconf 88' lang='lat' dir='ltr'>ipsa</span> <span class='ocrx_word' id='word_1_89' title='bbox 1969 1374 2259 1432; x_wconf 87' lang='lat' dir='ltr'>infirmior</span> <span class='ocrx_word' id='word_1_90' title='bbox 2290 1379 2518 1432; x_wconf 88' lang='lat' dir='ltr'>staret:</span> 
     </span>
     <span class='ocr_line' id='line_1_12' title="bbox 446 1477 2525 1550; baseline -0.001 -13"><span class='ocrx_word' id='word_1_91' title='bbox 446 1497 518 1537; x_wconf 86' lang='lat' dir='ltr'>ac</span> <span class='ocrx_word' id='word_1_92' title='bbox 563 1479 614 1536; x_wconf 90' lang='lat' dir='ltr'>si</span> <span class='ocrx_word' id='word_1_93' title='bbox 663 1486 723 1536; x_wconf 86' lang='lat' dir='ltr'>et</span> <span class='ocrx_word' id='word_1_94' title='bbox 771 1479 978 1536; x_wconf 89' lang='lat' dir='ltr'>eadem</span> <span class='ocrx_word' id='word_1_95' title='bbox 1016 1478 1152 1550; x_wconf 90' lang='lat' dir='ltr'>ipsa</span> <span class='ocrx_word' id='word_1_96' title='bbox 1197 1477 1465 1548; x_wconf 89' lang='lat' dir='ltr'>caderet,</span> <span class='ocrx_word' id='word_1_97' title='bbox 1511 1478 1697 1535; x_wconf 86' lang='lat' dir='ltr'>multo</span> <span class='ocrx_word' id='word_1_98' title='bbox 1728 1478 1925 1550; x_wconf 86' lang='lat' dir='ltr'>magis</span> <span class='ocrx_word' id='word_1_99' title='bbox 1958 1478 2132 1536; x_wconf 90' lang='lat' dir='ltr'>deum</span> <span class='ocrx_word' id='word_1_100' title='bbox 2165 1478 2525 1537; x_wconf 87' lang='lat' dir='ltr'>defenderet</span> 
     </span>
     <span class='ocr_line' id='line_1_13' title="bbox 447 1581 2521 1654; baseline 0 -14"><span class='ocrx_word' id='word_1_101' title='bbox 447 1588 656 1640; x_wconf 87' lang='lat' dir='ltr'>contra</span> <span class='ocrx_word' id='word_1_102' title='bbox 705 1581 1006 1639; x_wconf 87' lang='lat' dir='ltr'>diabolum</span> <span class='ocrx_word' id='word_1_103' title='bbox 1053 1586 1114 1638; x_wconf 92' lang='lat' dir='ltr'>et</span> <span class='ocrx_word' id='word_1_104' title='bbox 1160 1587 1369 1639; x_wconf 87' lang='lat' dir='ltr'>contra</span> <span class='ocrx_word' id='word_1_105' title='bbox 1418 1597 1481 1638; x_wconf 91' lang='lat' dir='ltr'>se</span> <span class='ocrx_word' id='word_1_106' title='bbox 1529 1581 1741 1653; x_wconf 87' lang='lat' dir='ltr'>ipsam,</span> <span class='ocrx_word' id='word_1_107' title='bbox 1791 1598 1922 1639; x_wconf 90' lang='lat' dir='ltr'>cum</span> <span class='ocrx_word' id='word_1_108' title='bbox 1966 1582 2103 1654; x_wconf 88' lang='lat' dir='ltr'>ipsa</span> <span class='ocrx_word' id='word_1_109' title='bbox 2142 1581 2311 1641; x_wconf 88' lang='lat' dir='ltr'>facta</span> <span class='ocrx_word' id='word_1_110' title='bbox 2344 1583 2521 1640; x_wconf 85' lang='lat' dir='ltr'>valde</span> 
     </span>
     <span class='ocr_line' id='line_1_14' title="bbox 445 1684 2522 1753; baseline 0 -10"><span class='ocrx_word' id='word_1_111' title='bbox 445 1686 733 1743; x_wconf 88' lang='lat' dir='ltr'>infirmior</span> <span class='ocrx_word' id='word_1_112' title='bbox 794 1689 857 1743; x_wconf 90' lang='lat' dir='ltr'>et</span> <span class='ocrx_word' id='word_1_113' title='bbox 914 1684 1188 1742; x_wconf 87' lang='lat' dir='ltr'>mortalis</span> <span class='ocrx_word' id='word_1_114' title='bbox 1250 1684 1313 1741; x_wconf 91' lang='lat' dir='ltr'>in</span> <span class='ocrx_word' id='word_1_115' title='bbox 1361 1684 1571 1742; x_wconf 89' lang='lat' dir='ltr'>electis</span> <span class='ocrx_word' id='word_1_116' title='bbox 1618 1685 1691 1742; x_wconf 90' lang='lat' dir='ltr'>de</span> <span class='ocrx_word' id='word_1_117' title='bbox 1736 1689 1910 1753; x_wconf 83' lang='lat' dir='ltr'>tanta</span> <span class='ocrx_word' id='word_1_118' title='bbox 1955 1685 2305 1744; x_wconf 87' lang='lat' dir='ltr'>infirmitate</span> <span class='ocrx_word' id='word_1_119' title='bbox 2352 1692 2522 1744; x_wconf 86' lang='lat' dir='ltr'>tanto</span> 
     </span>
     <span class='ocr_line' id='line_1_15' title="bbox 447 1784 2521 1862; baseline -0 -15"><span class='ocrx_word' id='word_1_120' title='bbox 447 1790 632 1848; x_wconf 88' lang='lat' dir='ltr'>altius</span> <span class='ocrx_word' id='word_1_121' title='bbox 678 1787 1066 1859; x_wconf 83' lang='lat' dir='ltr'>ascenderet,</span> <span class='ocrx_word' id='word_1_122' title='bbox 1131 1804 1306 1860; x_wconf 88' lang='lat' dir='ltr'>quam</span> <span class='ocrx_word' id='word_1_123' title='bbox 1353 1788 1513 1845; x_wconf 91' lang='lat' dir='ltr'>unde</span> <span class='ocrx_word' id='word_1_124' title='bbox 1560 1787 1836 1846; x_wconf 90' lang='lat' dir='ltr'>diabolus</span> <span class='ocrx_word' id='word_1_125' title='bbox 1883 1784 2237 1861; x_wconf 85' lang='lat' dir='ltr'>cecidisset,</span> <span class='ocrx_word' id='word_1_126' title='bbox 2298 1797 2521 1862; x_wconf 86' lang='lat' dir='ltr'>quanto</span> 
     </span>
     <span class='ocr_line' id='line_1_16' title="bbox 445 1892 2526 1966; baseline 0.001 -16"><span class='ocrx_word' id='word_1_127' title='bbox 445 1894 585 1950; x_wconf 89' lang='lat' dir='ltr'>boni</span> <span class='ocrx_word' id='word_1_128' title='bbox 631 1893 835 1966; x_wconf 85' lang='lat' dir='ltr'>augeli</span> <span class='ocrx_word' id='word_1_129' title='bbox 883 1908 1132 1965; x_wconf 84' lang='lat' dir='ltr'>quorum</span> <span class='ocrx_word' id='word_1_130' title='bbox 1177 1892 1525 1964; x_wconf 85' lang='lat' dir='ltr'>aequalitas</span> <span class='ocrx_word' id='word_1_131' title='bbox 1558 1893 1615 1950; x_wconf 93' lang='lat' dir='ltr'>ei</span> <span class='ocrx_word' id='word_1_132' title='bbox 1648 1892 1919 1962; x_wconf 86' lang='lat' dir='ltr'>debetur,</span> <span class='ocrx_word' id='word_1_133' title='bbox 1966 1892 2361 1964; x_wconf 84' lang='lat' dir='ltr'>profecerunt</span> <span class='ocrx_word' id='word_1_134' title='bbox 2388 1900 2526 1966; x_wconf 88' lang='lat' dir='ltr'>post</span> 
     </span>
     <span class='ocr_line' id='line_1_17' title="bbox 445 1995 2523 2068; baseline 0 -14"><span class='ocrx_word' id='word_1_135' title='bbox 445 1998 682 2055; x_wconf 87' lang='lat' dir='ltr'>ruinam</span> <span class='ocrx_word' id='word_1_136' title='bbox 725 1997 1036 2067; x_wconf 89' lang='lat' dir='ltr'>malorum,</span> <span class='ocrx_word' id='word_1_137' title='bbox 1085 1996 1226 2068; x_wconf 87' lang='lat' dir='ltr'>quia</span> <span class='ocrx_word' id='word_1_138' title='bbox 1271 2007 1842 2068; x_wconf 82' lang='lat' dir='ltr'>perseveraverunt.</span> <span class='ocrx_word' id='word_1_139' title='bbox 1906 1995 2001 2052; x_wconf 84' lang='lat' dir='ltr'>Ex</span> <span class='ocrx_word' id='word_1_140' title='bbox 2045 1996 2140 2053; x_wconf 92' lang='lat' dir='ltr'>his</span> <span class='ocrx_word' id='word_1_141' title='bbox 2183 1998 2523 2055; x_wconf 90' lang='lat' dir='ltr'>rationibus</span> 
     </span>
     <span class='ocr_line' id='line_1_18' title="bbox 445 2099 2525 2173; baseline 0.001 -16"><span class='ocrx_word' id='word_1_142' title='bbox 445 2101 646 2172; x_wconf 90' lang='lat' dir='ltr'>potius</span> <span class='ocrx_word' id='word_1_143' title='bbox 691 2100 834 2157; x_wconf 90' lang='lat' dir='ltr'>mihi</span> <span class='ocrx_word' id='word_1_144' title='bbox 881 2100 1139 2170; x_wconf 85' lang='lat' dir='ltr'>videtur,</span> <span class='ocrx_word' id='word_1_145' title='bbox 1189 2099 1329 2171; x_wconf 88' lang='lat' dir='ltr'>quia</span> <span class='ocrx_word' id='word_1_146' title='bbox 1375 2100 1440 2157; x_wconf 91' lang='lat' dir='ltr'>in</span> <span class='ocrx_word' id='word_1_147' title='bbox 1487 2100 1723 2172; x_wconf 85' lang='lat' dir='ltr'>angelis</span> <span class='ocrx_word' id='word_1_148' title='bbox 1767 2116 1884 2157; x_wconf 91' lang='lat' dir='ltr'>non</span> <span class='ocrx_word' id='word_1_149' title='bbox 1928 2099 2050 2157; x_wconf 87' lang='lat' dir='ltr'>fuit</span> <span class='ocrx_word' id='word_1_150' title='bbox 2078 2100 2184 2157; x_wconf 92' lang='lat' dir='ltr'>ille</span> <span class='ocrx_word' id='word_1_151' title='bbox 2214 2100 2525 2173; x_wconf 86' lang='lat' dir='ltr'>perfectus</span> 
     </span>
     <span class='ocr_line' id='line_1_19' title="bbox 447 2203 2525 2277; baseline 0.001 -15"><span class='ocrx_word' id='word_1_152' title='bbox 447 2220 760 2275; x_wconf 88' lang='lat' dir='ltr'>numerus,</span> <span class='ocrx_word' id='word_1_153' title='bbox 826 2221 940 2276; x_wconf 90' lang='lat' dir='ltr'>quo</span> <span class='ocrx_word' id='word_1_154' title='bbox 1002 2204 1218 2261; x_wconf 88' lang='lat' dir='ltr'>civitas</span> <span class='ocrx_word' id='word_1_155' title='bbox 1272 2203 1381 2261; x_wconf 89' lang='lat' dir='ltr'>illa</span> <span class='ocrx_word' id='word_1_156' title='bbox 1440 2220 1703 2276; x_wconf 89' lang='lat' dir='ltr'>superna</span> <span class='ocrx_word' id='word_1_157' title='bbox 1747 2205 2173 2277; x_wconf 67' lang='lat' dir='ltr'>perficeretur,</span> <span class='ocrx_word' id='word_1_158' title='bbox 2246 2207 2525 2277; x_wconf 85' lang='lat' dir='ltr'>quoniam</span> 
     </span>
     <span class='ocr_line' id='line_1_20' title="bbox 448 2307 2526 2380; baseline 0 -15"><span class='ocrx_word' id='word_1_159' title='bbox 448 2308 500 2365; x_wconf 92' lang='lat' dir='ltr'>si</span> <span class='ocrx_word' id='word_1_160' title='bbox 543 2307 714 2364; x_wconf 93' lang='lat' dir='ltr'>homo</span> <span class='ocrx_word' id='word_1_161' title='bbox 763 2307 937 2364; x_wconf 90' lang='lat' dir='ltr'>simul</span> <span class='ocrx_word' id='word_1_162' title='bbox 984 2323 1112 2364; x_wconf 89' lang='lat' dir='ltr'>cum</span> <span class='ocrx_word' id='word_1_163' title='bbox 1158 2307 1397 2379; x_wconf 88' lang='lat' dir='ltr'>angelis</span> <span class='ocrx_word' id='word_1_164' title='bbox 1442 2307 1644 2365; x_wconf 85' lang='lat' dir='ltr'>factus</span> <span class='ocrx_word' id='word_1_165' title='bbox 1683 2324 1800 2365; x_wconf 89' lang='lat' dir='ltr'>non</span> <span class='ocrx_word' id='word_1_166' title='bbox 1833 2312 1944 2379; x_wconf 90' lang='lat' dir='ltr'>est,</span> <span class='ocrx_word' id='word_1_167' title='bbox 1994 2308 2081 2365; x_wconf 91' lang='lat' dir='ltr'>sic</span> <span class='ocrx_word' id='word_1_168' title='bbox 2110 2309 2401 2380; x_wconf 89' lang='lat' dir='ltr'>possibile</span> <span class='ocrx_word' id='word_1_169' title='bbox 2433 2315 2526 2366; x_wconf 89' lang='lat' dir='ltr'>est</span> 
     </span>
     <span class='ocr_line' id='line_1_21' title="bbox 448 2395 2521 2484; baseline 0 -15"><span class='ocrx_word' id='word_1_170' title='bbox 448 2427 612 2482; x_wconf 82' lang='lat' dir='ltr'>esse3</span> <span class='ocrx_word' id='word_1_171' title='bbox 691 2416 753 2467; x_wconf 87' lang='lat' dir='ltr'>et</span> <span class='ocrx_word' id='word_1_172' title='bbox 813 2410 864 2467; x_wconf 90' lang='lat' dir='ltr'>si</span> <span class='ocrx_word' id='word_1_173' title='bbox 925 2410 1101 2467; x_wconf 78' lang='lat' dir='ltr'>slmul</span> <span class='ocrx_word' id='word_1_174' title='bbox 1159 2410 1311 2468; x_wconf 87' lang='lat' dir='ltr'>facti</span> <span class='ocrx_word' id='word_1_175' title='bbox 1373 2395 1546 2483; x_wconf 84' lang='lat' dir='ltr'>sunt,</span> <span class='ocrx_word' id='word_1_176' title='bbox 1616 2412 1771 2484; x_wconf 88' lang='lat' dir='ltr'>quod</span> <span class='ocrx_word' id='word_1_177' title='bbox 1826 2411 2021 2483; x_wconf 84' lang='lat' dir='ltr'>magis</span> <span class='ocrx_word' id='word_1_178' title='bbox 2067 2416 2288 2484; x_wconf 87' lang='lat' dir='ltr'>putant</span> <span class='ocrx_word' id='word_1_179' title='bbox 2330 2413 2521 2484; x_wconf 88' lang='lat' dir='ltr'>multi,</span> 
     </span>
     <span class='ocr_line' id='line_1_22' title="bbox 448 2512 2525 2594; baseline 0.001 -22"><span class='ocrx_word' id='word_1_180' title='bbox 448 2515 726 2587; x_wconf 90' lang='lat' dir='ltr'>quoniam</span> <span class='ocrx_word' id='word_1_181' title='bbox 788 2514 1047 2587; x_wconf 83' lang='lat' dir='ltr'>legitur:</span> <span class='ocrx_word' id='word_1_182' title='bbox 1129 2512 1244 2594; x_wconf 81' lang='lat' dir='ltr'>qui</span> <span class='ocrx_word' id='word_1_183' title='bbox 1297 2512 1461 2573; x_wconf 80' lang='lat' dir='ltr'>vivit</span> <span class='ocrx_word' id='word_1_184' title='bbox 1505 2513 1577 2574; x_wconf 75' lang='lat' dir='ltr'>in</span> <span class='ocrx_word' id='word_1_185' title='bbox 1624 2521 1972 2588; x_wconf 80' lang='lat' dir='ltr'>aeternum,</span> <span class='ocrx_word' id='word_1_186' title='bbox 2021 2514 2265 2574; x_wconf 80' lang='lat' dir='ltr'>creavit</span> <span class='ocrx_word' id='word_1_187' title='bbox 2309 2515 2525 2575; x_wconf 79' lang='lat' dir='ltr'>omnia</span> 
     </span>
     <span class='ocr_line' id='line_1_23' title="bbox 449 2614 2525 2690; baseline 0 -13"><span class='ocrx_word' id='word_1_188' title='bbox 449 2615 642 2677; x_wconf 82' lang='lat' dir='ltr'>simul</span> <span class='ocrx_word' id='word_1_189' title='bbox 660 2614 703 2689; x_wconf 81' lang='lat'>²,</span> <span class='ocrx_word' id='word_1_190' title='bbox 754 2618 997 2677; x_wconf 87' lang='lat' dir='ltr'>videtur</span> <span class='ocrx_word' id='word_1_191' title='bbox 1036 2634 1284 2675; x_wconf 87' lang='lat' dir='ltr'>necesse</span> <span class='ocrx_word' id='word_1_192' title='bbox 1327 2635 1480 2675; x_wconf 87' lang='lat' dir='ltr'>esse.</span> <span class='ocrx_word' id='word_1_193' title='bbox 1530 2617 1649 2676; x_wconf 86' lang='lat' dir='ltr'>Sed</span> <span class='ocrx_word' id='word_1_194' title='bbox 1681 2624 1742 2675; x_wconf 87' lang='lat' dir='ltr'>et</span> <span class='ocrx_word' id='word_1_195' title='bbox 1773 2619 1825 2675; x_wconf 92' lang='lat' dir='ltr'>si</span> <span class='ocrx_word' id='word_1_196' title='bbox 1855 2617 2152 2690; x_wconf 86' lang='lat' dir='ltr'>perfectio</span> <span class='ocrx_word' id='word_1_197' title='bbox 2187 2620 2525 2677; x_wconf 88' lang='lat' dir='ltr'>mundanae</span> 
     </span>
     <span class='ocr_line' id='line_1_24' title="bbox 448 2721 2522 2801; baseline 0 -21"><span class='ocrx_word' id='word_1_198' title='bbox 448 2728 767 2780; x_wconf 85' lang='lat' dir='ltr'>creaturae</span> <span class='ocrx_word' id='word_1_199' title='bbox 828 2738 946 2779; x_wconf 91' lang='lat' dir='ltr'>non</span> <span class='ocrx_word' id='word_1_200' title='bbox 1005 2727 1237 2778; x_wconf 89' lang='lat' dir='ltr'>tantum</span> <span class='ocrx_word' id='word_1_201' title='bbox 1303 2727 1398 2778; x_wconf 90' lang='lat' dir='ltr'>est</span> <span class='ocrx_word' id='word_1_202' title='bbox 1450 2721 1874 2794; x_wconf 87' lang='lat' dir='ltr'>intellegenda·</span> <span class='ocrx_word' id='word_1_203' title='bbox 1909 2723 1971 2778; x_wconf 91' lang='lat' dir='ltr'>in</span> <span class='ocrx_word' id='word_1_204' title='bbox 2018 2738 2263 2801; x_wconf 84' lang='lat' dir='ltr'>numero</span> <span class='ocrx_word' id='word_1_205' title='bbox 2310 2723 2522 2781; x_wconf 90' lang='lat' dir='ltr'>indivi-</span> 
     </span>
     <span class='ocr_line' id='line_1_25' title="bbox 449 2824 2521 2896; baseline 0.001 -15"><span class='ocrx_word' id='word_1_206' title='bbox 449 2824 728 2895; x_wconf 90' lang='lat' dir='ltr'>duorum,</span> <span class='ocrx_word' id='word_1_207' title='bbox 795 2830 1081 2896; x_wconf 89' lang='lat' dir='ltr'>quantum</span> <span class='ocrx_word' id='word_1_208' title='bbox 1137 2825 1201 2881; x_wconf 93' lang='lat' dir='ltr'>in</span> <span class='ocrx_word' id='word_1_209' title='bbox 1247 2840 1491 2881; x_wconf 91' lang='lat' dir='ltr'>numero</span> <span class='ocrx_word' id='word_1_210' title='bbox 1538 2830 1925 2896; x_wconf 89' lang='lat' dir='ltr'>naturarum,</span> <span class='ocrx_word' id='word_1_211' title='bbox 1990 2841 2235 2883; x_wconf 90' lang='lat' dir='ltr'>necesse</span> <span class='ocrx_word' id='word_1_212' title='bbox 2284 2833 2378 2884; x_wconf 87' lang='lat' dir='ltr'>est</span> <span class='ocrx_word' id='word_1_213' title='bbox 2422 2827 2521 2885; x_wconf 83' lang='lat' dir='ltr'>hu·</span> 
     </span>
     <span class='ocr_line' id='line_1_26' title="bbox 445 2914 2524 3001; baseline 0.002 -18"><span class='ocrx_word' id='word_1_214' title='bbox 445 2943 682 2984; x_wconf 88' lang='lat' dir='ltr'>manam</span> <span class='ocrx_word' id='word_1_215' title='bbox 726 2932 1005 2984; x_wconf 88' lang='lat' dir='ltr'>naturam</span> <span class='ocrx_word' id='word_1_216' title='bbox 1050 2932 1156 2983; x_wconf 89' lang='lat' dir='ltr'>aut</span> <span class='ocrx_word' id='word_1_217' title='bbox 1197 2926 1274 2984; x_wconf 92' lang='lat' dir='ltr'>ad</span> <span class='ocrx_word' id='word_1_218' title='bbox 1318 2926 1792 2999; x_wconf 88' lang='lat' dir='ltr'>conplementum</span> <span class='ocrx_word' id='word_1_219' title='bbox 1827 2914 2101 2986; x_wconf 34' lang='lat' dir='ltr'>eiusdem*</span> <span class='ocrx_word' id='word_1_220' title='bbox 2126 2928 2524 3001; x_wconf 85' lang='lat' dir='ltr'>perfectionis</span> 
     </span>
     <span class='ocr_line' id='line_1_27' title="bbox 447 3030 2523 3103; baseline 0.001 -16"><span class='ocrx_word' id='word_1_221' title='bbox 447 3046 579 3087; x_wconf 91' lang='lat' dir='ltr'>esse</span> <span class='ocrx_word' id='word_1_222' title='bbox 625 3030 885 3102; x_wconf 83' lang='lat' dir='ltr'>factam,</span> <span class='ocrx_word' id='word_1_223' title='bbox 933 3036 1040 3087; x_wconf 87' lang='lat' dir='ltr'>aut</span> <span class='ocrx_word' id='word_1_224' title='bbox 1083 3030 1174 3088; x_wconf 91' lang='lat' dir='ltr'>illi</span> <span class='ocrx_word' id='word_1_225' title='bbox 1220 3030 1749 3103; x_wconf 87' lang='lat' dir='ltr'>superabundare,</span> <span class='ocrx_word' id='word_1_226' title='bbox 1798 3032 1955 3103; x_wconf 88' lang='lat' dir='ltr'>quod</span> <span class='ocrx_word' id='word_1_227' title='bbox 2004 3031 2075 3089; x_wconf 88' lang='lat' dir='ltr'>de</span> <span class='ocrx_word' id='word_1_228' title='bbox 2123 3031 2347 3090; x_wconf 90' lang='lat' dir='ltr'>minimi</span> <span class='ocrx_word' id='word_1_229' title='bbox 2395 3050 2523 3091; x_wconf 89' lang='lat' dir='ltr'>ver·</span> 
     </span>
     <span class='ocr_line' id='line_1_28' title="bbox 445 3133 2525 3208; baseline 0.001 -18"><span class='ocrx_word' id='word_1_230' title='bbox 445 3134 649 3194; x_wconf 88' lang='lat' dir='ltr'>miculi</span> <span class='ocrx_word' id='word_1_231' title='bbox 696 3140 917 3192; x_wconf 88' lang='lat' dir='ltr'>natura</span> <span class='ocrx_word' id='word_1_232' title='bbox 964 3135 1164 3192; x_wconf 91' lang='lat' dir='ltr'>dicere</span> <span class='ocrx_word' id='word_1_233' title='bbox 1211 3151 1326 3191; x_wconf 90' lang='lat' dir='ltr'>non</span> <span class='ocrx_word' id='word_1_234' title='bbox 1375 3133 1679 3191; x_wconf 66' lang='lat' dir='ltr'>audemus</span> <span class='ocrx_word' id='word_1_235' title='bbox 1746 3133 1944 3204; x_wconf 84' lang='lat' dir='ltr'>Quare</span> <span class='ocrx_word' id='word_1_236' title='bbox 1990 3152 2100 3207; x_wconf 91' lang='lat' dir='ltr'>pro</span> <span class='ocrx_word' id='word_1_237' title='bbox 2148 3152 2211 3193; x_wconf 88' lang='lat' dir='ltr'>se</span> <span class='ocrx_word' id='word_1_238' title='bbox 2259 3136 2396 3208; x_wconf 86' lang='lat' dir='ltr'>ipsa</span> <span class='ocrx_word' id='word_1_239' title='bbox 2441 3137 2525 3193; x_wconf 92' lang='lat' dir='ltr'>ibi</span> 
     </span>
     <span class='ocr_line' id='line_1_29' title="bbox 445 3237 2525 3310; baseline 0.001 -16"><span class='ocrx_word' id='word_1_240' title='bbox 445 3237 614 3295; x_wconf 83' lang='lat' dir='ltr'>facta</span> <span class='ocrx_word' id='word_1_241' title='bbox 663 3243 757 3295; x_wconf 89' lang='lat' dir='ltr'>est</span> <span class='ocrx_word' id='word_1_242' title='bbox 803 3244 864 3295; x_wconf 93' lang='lat' dir='ltr'>et</span> <span class='ocrx_word' id='word_1_243' title='bbox 908 3255 1023 3295; x_wconf 91' lang='lat' dir='ltr'>non</span> <span class='ocrx_word' id='word_1_244' title='bbox 1073 3239 1260 3296; x_wconf 90' lang='lat' dir='ltr'>solum</span> <span class='ocrx_word' id='word_1_245' title='bbox 1306 3254 1418 3310; x_wconf 87' lang='lat' dir='ltr'>pro</span> <span class='ocrx_word' id='word_1_246' title='bbox 1458 3238 1879 3295; x_wconf 89' lang='lat' dir='ltr'>restaurandis</span> <span class='ocrx_word' id='word_1_247' title='bbox 1911 3238 2239 3298; x_wconf 90' lang='lat' dir='ltr'>individuis</span> <span class='ocrx_word' id='word_1_248' title='bbox 2272 3239 2525 3297; x_wconf 90' lang='lat' dir='ltr'>alterius</span> 
     </span>
     <span class='ocr_line' id='line_1_30' title="bbox 445 3341 2527 3415; baseline 0.001 -18"><span class='ocrx_word' id='word_1_249' title='bbox 445 3346 727 3399; x_wconf 86' lang='lat' dir='ltr'>naturae.</span> <span class='ocrx_word' id='word_1_250' title='bbox 805 3342 976 3401; x_wconf 88' lang='lat' dir='ltr'>Unde</span> <span class='ocrx_word' id='word_1_251' title='bbox 1045 3341 1248 3415; x_wconf 86' lang='lat' dir='ltr'>palam</span> <span class='ocrx_word' id='word_1_252' title='bbox 1311 3346 1439 3413; x_wconf 91' lang='lat' dir='ltr'>est,</span> <span class='ocrx_word' id='word_1_253' title='bbox 1512 3341 1651 3413; x_wconf 88' lang='lat' dir='ltr'>quia</span> <span class='ocrx_word' id='word_1_254' title='bbox 1714 3342 1952 3399; x_wconf 88' lang='lat' dir='ltr'>etiamsi</span> <span class='ocrx_word' id='word_1_255' title='bbox 2013 3342 2267 3415; x_wconf 85' lang='lat' dir='ltr'>angelus</span> <span class='ocrx_word' id='word_1_256' title='bbox 2328 3344 2527 3401; x_wconf 86' lang='lat' dir='ltr'>nullus</span> 
     </span>
    </p>
   </div>
   <div class='ocr_carea' id='block_1_3' title="bbox 589 3660 2199 3731">
    <p class='ocr_par' dir='ltr' id='par_1_3' title="bbox 589 3660 2199 3731">
     <span class='ocr_line' id='line_1_31' title="bbox 589 3660 2199 3731; baseline -0.001 -18"><span class='ocrx_word' id='word_1_257' title='bbox 589 3660 999 3714; x_wconf 79' lang='lat' dir='ltr'>¹ABGHIMO:</span> <span class='ocrx_word' id='word_1_258' title='bbox 1038 3663 1417 3731; x_wconf 75' lang='lat' dir='ltr'>imperfecto.</span> <span class='ocrx_word' id='word_1_259' title='bbox 1457 3692 1521 3698; x_wconf 91' lang='lat'>--</span> <span class='ocrx_word' id='word_1_260' title='bbox 1564 3661 1983 3715; x_wconf 84' lang='lat' dir='ltr'>²Ecclesiastic.</span> <span class='ocrx_word' id='word_1_261' title='bbox 2026 3664 2105 3729; x_wconf 90' lang='lat'>18,</span> <span class='ocrx_word' id='word_1_262' title='bbox 2152 3664 2199 3715; x_wconf 89' lang='lat'>1.</span> 
     </span>
    </p>
   </div>
  </div>
 </body>
</html>
