2775 4400
743 305 902 364 CUR
947 304 1153 364 DEUS
1200 304 1448 363 HOMO.
1496 305 1581 364 ΙΙ.
1630 325 1730 363 xv.
2197 311 2275 364 79

207 488 414 546 delere
457 494 714 560 peccata
761 504 981 559 eorum,
1032 490 1132 561 qui
1175 507 1306 548 eum
1348 489 1742 548 occiderunt?
1788 489 1914 546 Aut
1945 489 1996 547 si
2028 490 2287 549 alicuius

210 608 415 649 eorum
483 598 797 664 peccatum
861 592 1056 664 delet,
1135 594 1423 666 quomodo
1482 597 1686 666 potest
1745 592 1997 650 aliorum
2052 610 2283 666 quoque

203 695 507 753 hominum
568 696 812 768 aliquod
876 696 1122 754 delere?
1198 697 1509 755 Credimus
1567 698 1755 767 enim,
1821 698 1961 768 quia
2008 703 2070 755 et
2111 698 2287 757 multi

206 815 280 856 ex
358 799 484 856 illis
558 799 780 857 salvati
855 805 1026 871 sunt,
1103 806 1165 857 et
1236 801 1707 859 innumerabiles
1773 800 1878 858 alii
1946 800 2283 861 salvantur.

201 896 370 961 Ans.
434 902 609 960 Hanc
654 904 1064 975 quaestionem
1112 904 1295 962 solvit
1339 903 1684 976 apostquS,
1748 905 1848 976 qui
1896 905 2081 975 dixit,
2143 906 2285 977 quia

205 1005 267 1064 si
335 1005 815 1081 cognovissent,
877 1025 1210 1086 nunquam
1255 1003 1584 1066 dominum
1625 1003 1873 1086 yloriae
1920 1003 2285 1086 cruczssoeis-

159 1090 167 1097 ⁰
203 1116 347 1168 sent
371 1104 411 1166 ¹.
461 1111 723 1167 Tantum
768 1126 1022 1182 namque
1072 1110 1357 1167 differunt
1402 1111 1664 1169 scienter
1710 1111 1937 1169 factum
1968 1118 2283 1184 peccatum

203 1221 264 1270 et
329 1213 492 1286 quod
551 1229 662 1285 per
722 1213 1129 1285 ignorantiam
1189 1213 1288 1284 fit,
1364 1219 1433 1271 ut
1490 1215 1707 1271 malum
1771 1215 1927 1286 quod
1986 1201 2285 1286 nunquam

200 1316 418 1375 facere
464 1322 713 1389 possent
755 1333 866 1389 pro
913 1317 1223 1374 nimietate
1271 1334 1380 1375 sua
1425 1319 1475 1374 si
1517 1324 2001 1389 cognosceretur,
2047 1317 2287 1375 veniale

203 1421 303 1492 sit,
357 1421 503 1492 quia
549 1420 904 1491 ignoranter
949 1419 1175 1477 factum
1209 1425 1320 1477 est.
1371 1420 1562 1478 Deum
1596 1421 1751 1477 enim
1785 1420 2055 1479 occidere
2086 1420 2287 1504 nullus

201 1524 382 1581 homo
444 1539 705 1595 unquam
769 1524 1030 1580 scienter
1090 1523 1305 1581 saltem
1365 1524 1523 1582 velle
1581 1529 1823 1596 posset,
1890 1529 1950 1580 et
2004 1525 2139 1581 ideo
2188 1525 2291 1597 qui

201 1627 379 1685 illum
441 1627 792 1684 occiderunt
851 1627 1240 1698 ignoranter,
1310 1644 1427 1685 non
1488 1629 1551 1684 in
1610 1628 1761 1685 illud
1816 1627 2107 1686 infinitum
2152 1645 2287 1701 pec-

204 1739 432 1802 catum,
469 1730 563 1787 cui
594 1730 761 1787 nulla
791 1728 916 1787 alia
949 1731 1288 1802 comparari
1319 1737 1574 1802 possunt
1596 1739 1869 1803 peccata,
1900 1738 2287 1804 proruerunt.

201 1835 365 1893 Nam
411 1850 529 1890 non
578 1833 1085 1891 consideravimus
1133 1835 1260 1890 eius
1307 1834 1781 1906 magnitudinem
1828 1835 1907 1892 ad
1946 1834 2287 1905 videndum,

205 1955 390 2010 quam
436 1937 594 1994 bona
643 1942 805 1994 esset
848 1937 976 1994 vita
1021 1937 1159 2007 illa,
1209 1937 1529 1994 secundum
1576 1937 1686 1994 hoc
1732 1937 1888 2009 quod
1934 1939 2295 2009 ignoranter

203 2041 444 2100 factum
506 2047 631 2111 est,
697 2040 801 2097 sed
865 2041 1036 2112 quasi
1097 2041 1359 2097 scienter
1404 2041 1610 2111 fieret,
1674 2041 1829 2112 quod
1876 2057 1984 2098 nec
2029 2057 2289 2112 unquam

204 2145 362 2205 fecit
408 2144 648 2217 aliquis,
696 2160 806 2202 nec
850 2143 1057 2203 facere
1103 2129 1334 2217 potuit.¹
1381 2138 1536 2204 Bos.
1586 2143 2059 2203 Rationabiliter
2103 2144 2290 2202 inter-

206 2255 518 2324 emptores
564 2248 785 2306 Christi
833 2248 911 2305 ad
943 2250 1179 2306 veniam
1210 2249 1483 2321 pecccati
1515 2249 1608 2306 sui
1636 2250 1991 2322 pertingere
2019 2250 2295 2322 potuisse⁴

205 2352 585 2411 monstrasti.
657 2348 818 2409 Ans.
867 2351 1020 2422 Quid
1065 2353 1186 2409 iam
1232 2353 1475 2424 quaeris
1522 2352 1824 2425 amplius?
1894 2352 2051 2410 Ecce
2098 2352 2290 2423 videS,

208 2456 506 2529 quomodo
551 2455 936 2513 rationabilis
981 2457 1311 2513 necessitas
1359 2456 1643 2513 ostendat
1688 2472 1762 2513 ex
1793 2456 2125 2513 hominibus
2157 2472 2288 2527 per-

207 2559 531 2619 ficiendam
581 2575 711 2637 esse
759 2575 1078 2630 supernam
1127 2560 1455 2630 civitatem,
1504 2575 1613 2617 nec
1656 2559 1767 2617 hoc
1805 2574 1982 2631 posse
2012 2558 2142 2615 fieri
2174 2559 2289 2615 nisi

207 2681 325 2737 per
386 2662 797 2720 remissionem
859 2671 1275 2734 peccatorum,
1341 2679 1516 2734 quam
1580 2662 1751 2719 homo
1812 2660 2011 2719 nullus
2062 2661 2289 2718 habere

209 2771 421 2839 potest
482 2766 596 2824 nisi
656 2782 768 2839 per
828 2766 1154 2836 hominem,
1218 2766 1319 2838 qui
1379 2766 1537 2823 idem
1597 2766 1726 2838 ipse
1790 2766 1870 2822 sit
1918 2765 2063 2823 deus
2110 2771 2295 2838 atque

211 2876 408 2928 morte
457 2886 568 2927 sua.
597 2870 864 2927 homines
895 2879 1246 2941 peccatores
1280 2869 1392 2926 deo
1422 2867 1789 2927 reconciliet.
1839 2870 2069 2942 Aperte
2102 2870 2296 2941 igitur

214 2974 554 3033 invenimus
600 2972 919 3044 Christum,
969 2989 1139 3045 quem
1188 2973 1361 3029 deum
1410 2978 1471 3029 et
1514 2973 1806 3030 hominem
1854 2973 2200 3030 confitemur
2234 2979 2298 3029 et

215 3084 515 3135 mortuum
573 3084 824 3149 propter
886 3094 1023 3147 nos3
1103 3076 1212 3134 hoc
1259 3083 1459 3133 autem
1506 3077 1732 3147 absque
1779 3078 1935 3133 omni
1983 3075 2293 3133 dubietate

219 3181 498 3254 cognit0,
559 3186 775 3238 cuncta
822 3197 974 3252 quae
1018 3181 1150 3253 ipse
1197 3179 1344 3238 dicit
1392 3186 1558 3238 certa
1607 3195 1773 3249 esse,
1822 3178 2099 3251 quoniam
2147 3178 2294 3235 deus

217 3284 462 3341 mentiri
522 3284 763 3355 nequit,
828 3290 890 3339 et
950 3285 1260 3359 sapienter
1323 3300 1455 3341 esse
1514 3282 1682 3340 facta
1730 3298 1883 3354 quae
1929 3282 2081 3339 fecit
2127 3281 2292 3337 dubi-

218 3387 468 3445 tandum
529 3403 646 3444 non
693 3392 817 3456 est,
880 3388 1150 3459 quamvis
1196 3403 1312 3444 non
1359 3403 1562 3444 eorum
1606 3386 1766 3443 ratio
1813 3384 2207 3457 intellegatur
2256 3401 2293 3441 a

219 3491 410 3548 nobis.
487 3484 642 3550 Bos·
704 3489 927 3547 Verum
974 3496 1068 3547 est
1113 3491 1269 3563 quod
1317 3490 1497 3561 dicis,
1554 3505 1662 3547 nec
1710 3489 2091 3561 aliquatenus
2139 3488 2295 3560 quod

369 3716 452 3770 ¹1.
491 3716 616 3770 cor.
654 3716 702 3783 2,
741 3717 791 3771 s.
