2775 4400
465 286 544 340 38
1322 283 1683 342 ANSELMI

463 465 546 523 ad
605 459 820 538 gentes
878 461 1012 523 ss1i¹
1073 472 1589 524 converterentur.
1660 462 1813 526 Bos.
1882 468 2062 525 Nullo
2121 468 2294 526 modo
2342 469 2537 541 video,

465 569 611 640 qnid
671 577 880 628 contra
933 569 1085 627 haec
1131 569 1330 627 dicere
1375 571 1618 642 possim.
1688 562 1848 629 Ans.
1918 571 2091 630 Unde
2136 571 2249 629 tibi
2294 572 2541 630 videtur

465 672 743 730 accidere
788 673 1045 746 singulis
1088 673 1197 731 illa
1242 673 1491 731 laeticia
1537 673 1610 730 de
1656 674 1855 732 alieno
1902 677 2091 732 casu?
2139 669 2297 734 Bos.
2344 675 2537 746 Unde,

465 776 583 832 nisi
631 776 772 847 quia
819 782 1018 834 certus
1065 776 1183 833 erit
1227 776 1660 848 unusquisque,
1708 778 1988 848 quoniam
2033 778 2134 835 ubi
2182 778 2305 835 erit
2348 777 2537 835 nulla·

466 884 641 936 tenus
688 885 865 950 esset,
913 881 1031 938 nisi
1077 880 1234 937 alius
1272 879 1414 936 inde
1447 879 1808 937 cecidisset?
1855 874 2015 938 Ans.
2064 879 2125 939 Si
2160 897 2309 953 ergo
2338 881 2541 938 nullus

465 982 622 1039 hanc
669 983 1088 1041 certitudinem
1134 982 1407 1052 haberet,
1456 999 1571 1041 non
1618 988 1781 1041 esset
1825 984 1981 1041 unde
2025 983 2186 1041 ullus
2234 984 2309 1042 de
2340 984 2538 1042 alieno

469 1083 724 1157 dampno
771 1087 1088 1158 gauderet.
1136 1081 1290 1146 Bos.
1337 1085 1439 1144 Ita
1484 1087 1742 1144 videtur.
1791 1079 1954 1145 Ans.
2000 1086 2273 1145 Putasne
2304 1087 2542 1144 illorum

467 1187 727 1260 aliquem
765 1189 1112 1247 habiturum
1149 1190 1305 1248 hanc
1337 1189 1776 1260 certitudinem,
1826 1189 1876 1247 si
1909 1190 2091 1247 multo
2123 1190 2334 1262 plures
2367 1200 2543 1248 erunt

467 1307 644 1362 quam
701 1287 845 1365 qui²
891 1293 1286 1351 ceciderunt?
1343 1288 1498 1352 Bos.
1556 1293 1949 1365 Nequaquam
1992 1309 2236 1366 possum
2284 1283 2539 1366 opinari,

476 1395 635 1466 qnod
703 1413 832 1454 eam
901 1397 1128 1456 habeat
1192 1404 1301 1455 aut
1356 1397 1581 1456 habere
1629 1397 1866 1454 debeat.
1943 1396 2243 1467 Quomodo
2289 1413 2545 1469 namque

469 1498 602 1570 quis
645 1501 872 1571 poterit
917 1501 1092 1571 scire,
1140 1509 1339 1558 utrum
1384 1517 1495 1572 pro
1540 1499 1943 1558 restaurando
1990 1500 2148 1572 quod
2186 1501 2543 1558 inminutum

469 1607 631 1674 erat,
681 1609 789 1660 aut
831 1620 941 1675 pro
989 1604 1318 1676 conplendo
1365 1604 1523 1675 quod
1569 1604 1827 1661 nondum
1872 1603 2210 1675 perfectum
2256 1609 2421 1675 erat,
2472 1603 2543 1661 de

467 1705 572 1762 illo
627 1722 870 1763 numero
933 1707 1387 1765 constituendae
1435 1707 1702 1766 civitatis
1748 1707 1828 1763 sit
1871 1706 2118 1764 factus?
2188 1706 2295 1764 sed
2344 1723 2547 1765 omnes

470 1809 621 1866 certi
667 1815 862 1881 erunt,
910 1825 974 1867 se
1018 1810 1217 1869 factos
1263 1827 1399 1868 esse
1444 1811 1521 1868 ad
1553 1809 1981 1882 perficiendam
2012 1809 2180 1867 illam
2214 1810 2543 1868 civitatem.

468 1905 628 1971 Ans.
705 1913 874 1986 Ergo
934 1914 986 1971 si
1045 1914 1248 1986 plures
1304 1919 1483 1972 erunt
1527 1930 1703 1986 quam
1748 1914 1994 1986 reprobi
2040 1913 2282 1986 angeli,
2343 1914 2547 1971 nullus

467 2017 695 2089 poterit
740 2023 847 2075 aut
893 2018 1137 2075 debebit
1181 2019 1366 2088 scire,
1425 2033 1489 2074 se
1535 2033 1653 2074 non
1698 2033 1831 2074 esse
1877 2017 1963 2074 ibi
2010 2022 2384 2088 assumptum
2430 2018 2562 2087 nisi,

469 2136 578 2192 pro
625 2121 824 2178 alieno
867 2137 1029 2179 casu.
1078 2116 1232 2179 Bos.
1283 2121 1506 2178 Verum
1539 2127 1649 2177 est.
1698 2112 1856 2178 Ans.
1907 2120 2041 2178 Non
2072 2120 2265 2192 igitur
2294 2119 2549 2178 habebit

471 2223 726 2297 aliquiS,
791 2241 897 2282 cur
943 2226 1214 2297 gaudere
1263 2225 1485 2283 debeat
1530 2226 1603 2283 de
1650 2226 1904 2283 alterius
1947 2224 2309 2297 perditione.
2389 2220 2543 2284 Boe.

468 2328 569 2385 Ita
615 2329 906 2400 sequitur.
982 2320 1142 2387 Ans.
1221 2328 1358 2386 Cum
1407 2330 1615 2401 itaque
1661 2329 2007 2401 videamuS,
2056 2329 2196 2401 quia
2244 2329 2297 2385 si
2340 2329 2549 2400 plures

472 2437 650 2489 erunt
708 2432 973 2490 homines
1036 2432 1213 2491 electi
1276 2449 1453 2505 quam
1514 2434 1636 2490 sint
1679 2432 1926 2504 reprobi
1970 2432 2210 2504 angeli,
2274 2431 2384 2489 illa
2430 2448 2549 2489 non

471 2542 761 2609 sequatur
804 2536 1312 2608 inconvenientia,
1361 2553 1539 2609 quam
1584 2536 1753 2607 sequi
1798 2551 2045 2593 necesse
2088 2540 2200 2605 est,
2249 2535 2302 2591 si
2340 2535 2549 2607 plures

472 2658 587 2699 non
649 2646 856 2712 erunt3
929 2646 990 2697 et
1052 2656 1180 2698 cum
1237 2639 1594 2711 inpossibile
1659 2639 1741 2695 sit
1800 2638 1985 2696 ullum
2030 2639 2095 2695 in
2140 2638 2248 2695 illa
2296 2638 2549 2696 civitate

470 2744 739 2802 futurum
786 2745 1233 2815 inconvenienS,
1288 2743 1531 2801 videtur
1575 2758 1820 2801 necesse
1869 2758 2020 2813 esse,
2066 2748 2135 2799 ut
2180 2742 2387 2814 angeli
2432 2758 2551 2799 non

473 2847 596 2904 sint
655 2846 809 2904 facti
868 2847 928 2903 in
990 2847 1094 2904 illo
1155 2847 1429 2919 perfecto
1487 2862 1763 2917 numere,
1828 2851 1889 2903 et
1936 2846 2141 2918 plures
2188 2844 2382 2902 futuri
2430 2846 2551 2903 sint

472 2950 640 3008 beati
683 2949 950 3007 homines
998 2966 1173 3022 quam
1221 2951 1342 3007 sint
1386 2950 1591 3007 miseri
1637 2949 1860 3021 angeli.
1940 2943 2093 3008 Bos.
2170 2948 2304 3005 Non
2348 2949 2547 3018 vide0‚

410 3046 417 3054 ’
475 3071 592 3127 qua
635 3055 875 3112 ratione
919 3054 1032 3111 hoc
1075 3055 1294 3126 negari
1340 3059 1541 3125 queat.
1588 3044 1749 3111 Ans.
1796 3052 2000 3109 Aliam
2047 3052 2242 3109 adhuc
2284 3052 2549 3109 eiusdem

474 3159 816 3217 sententiae
877 3174 1054 3231 posse
1116 3158 1234 3215 dici
1281 3163 1427 3229 puto
1471 3157 1787 3214 rationem.
1866 3150 2019 3215 Bos.
2096 3154 2270 3213 Hanc
2318 3171 2549 3227 quoque

472 3263 751 3335 proferre
798 3262 998 3320 debeS.
1064 3256 1223 3320 Ans.
1282 3261 1592 3319 Credimus
1638 3260 1791 3318 hanc
1837 3259 2040 3317 mundi
2086 3260 2297 3316 molem
2345 3275 2545 3332 corpo-

472 3384 640 3425 ream
685 3368 748 3425 in
793 3366 1003 3424 melius
1049 3365 1459 3424 renovandam
1506 3380 1616 3421 nec
1659 3363 1770 3420 hoc
1813 3362 2082 3420 futurum
2130 3345 2298 3434 esse,
2363 3362 2551 3419 donec

348 3666 366 3677 ”
403 3647 413 3661 ’
449 3666 462 3683 “
569 3637 774 3741 *Pizz‘f
793 3646 902 3741 5111.
941 3687 1160 3741 KLNo.
1203 3719 1265 3725 —
1309 3688 1455 3756 ²Qm‘
1493 3701 1596 3739 0¹11·
1634 3685 1903 3739 EFKLN.
