2775 4400
459 248 539 300 52
1345 242 1711 302 ANSELMI

459 420 614 484 Bos.
673 425 892 483 Audio.
971 417 1132 482 Ans.
1187 425 1342 495 Quid
1390 425 1645 482 abstulit
1687 425 1859 483 homo
1906 425 2037 496 deo,
2084 442 2215 483 cum
2262 426 2422 484 vinci
2468 443 2534 485 se

457 530 734 602 permisit
793 546 830 585 a
895 528 1180 585 diabolo?
1259 523 1413 588 Bos.
1474 528 1589 586 Dic
1632 535 1699 585 tu
1742 533 1812 585 ut
1854 529 2167 601 incepisti,
2232 529 2372 600 quia
2419 547 2534 602 ego

457 633 679 705 nescio,
727 632 871 704 quid
915 649 1100 705 super
1142 632 1292 690 haec
1323 633 1486 689 mala
1518 648 1671 704 quae
1704 632 2025 689 ostendisti
2054 631 2255 703 potuit
2284 632 2532 690 addere.

459 728 619 794 Ans.
675 736 887 793 Nonne
933 735 1188 792 abstulit
1233 735 1365 806 deo,
1424 735 1705 808 quicquid
1752 734 1829 792 de
1872 735 2131 792 humana
2174 741 2397 793 natura
2444 736 2535 794 fa-

459 856 596 898 cere
640 841 1085 912 proposuerat?
1146 833 1300 897 Bos.
1347 839 1483 896 Nou
1526 844 1729 910 potest
1772 839 2007 910 negari.
2070 830 2231 896 Ans.
2278 838 2537 896 Intende

459 944 522 1000 in
569 943 908 1000 districtam
953 943 1290 1013 iusticiam,
1355 949 1419 998 et
1460 941 1663 998 iudica
1708 941 2033 1000 secundum
2076 941 2278 1014 illam,
2336 949 2539 1000 utrum

457 1046 538 1103 ad
599 1046 1032 1118 aequalitatem
1092 1042 1370 1118 peccati¹
1434 1045 1605 1103 homo
1667 1045 2014 1103 satisfaciat
2072 1045 2217 1117 dec,
2296 1047 2415 1102 nisi
2474 1047 2538 1104 id

457 1150 687 1222 ipsum,
751 1149 906 1220 quod
963 1149 1366 1221 permittendo
1414 1165 1479 1205 se
1526 1149 1686 1206 vinci
1730 1166 1769 1206 a
1816 1148 2056 1205 diabolo
2104 1149 2214 1206 deo
2260 1150 2534 1221 abstulit,

461 1252 764 1310 diabolum
823 1253 1116 1310 vincendo
1176 1253 1499 1323 restituat,
1574 1257 1643 1308 ut
1703 1251 2195 1324 quemadmodum
2255 1269 2367 1325 per
2426 1252 2538 1311 hoc

459 1356 620 1428 quod
679 1356 874 1414 victus
937 1362 1032 1413 est
1089 1356 1298 1428 rapuit
1358 1355 1637 1412 diabolus
1697 1354 1851 1427 quod
1902 1355 2001 1412 dei
2046 1360 2216 1426 erat,
2281 1361 2344 1412 et
2389 1356 2539 1413 deus

459 1458 746 1530 perdidit,
795 1460 884 1515 ita
928 1476 1039 1531 per
1083 1459 1196 1516 hoc
1241 1458 1399 1530 quod
1444 1460 1653 1516 vincat
1695 1458 1918 1530 perdat
1950 1457 2247 1530 diaboluS,
2297 1464 2360 1516 et
2391 1459 2537 1517 deus

459 1567 796 1634 recuperet.
873 1556 1025 1620 Bos.
1089 1561 1216 1620 Nec
1262 1561 1599 1619 districtius
1644 1577 1755 1619 nec
1797 1562 2014 1619 iustius
2060 1562 2293 1634 aliquid
2337 1569 2539 1636 potest

461 1666 741 1736 cogitari.
819 1657 978 1722 Ans.
1041 1665 1312 1722 Putasne
1359 1682 1644 1723 summam
1690 1665 1992 1722 iusticiam
2036 1665 2194 1722 hanc
2234 1665 2539 1723 iusticiam

462 1784 640 1840 posse
686 1769 963 1826 violare?
1011 1763 1164 1826 Bos.
1213 1768 1347 1825 Non
1396 1768 1589 1826 audeo
1624 1769 1916 1841 cogitare.
1966 1761 2127 1826 Ans.
2175 1768 2539 1827 Nullatenus

461 1888 608 1944 ergo
656 1872 854 1943 debet,
903 1877 1012 1929 aut
1055 1878 1258 1944 potest
1303 1873 1581 1944 accipere
1626 1872 1798 1928 1101110
1842 1888 1881 1928 0
1929 1871 2038 1928 deo
2079 1872 2237 1943 quod
2271 1873 2418 1930 deus
2448 1873 2539 1930 illi

463 1976 611 2033 dare
656 1977 990 2048 proposuit,
1040 1977 1091 2032 si
1138 1993 1254 2032 11011
1298 1975 1503 2033 reddit
1550 1975 1660 2032 deo
1706 1981 1897 2032 totum
1942 1975 2100 2046 quod
2138 1975 2230 2031 1111
2264 1976 2537 2047 abstulit,

463 2086 532 2135 ut
577 2080 733 2136 sicut
781 2079 928 2136 deus
973 2095 1084 2150 per
1127 2079 1296 2136 illum
1341 2079 1644 2151 perdidit,
1692 2079 1782 2135 ita
1827 2093 1937 2150 per
1982 2079 2149 2135 illum
2196 2085 2537 2152 recuperet.

459 2181 632 2253 Quod
677 2199 792 2240 non
840 2181 1021 2239 aliter
1064 2182 1198 2240 fieri
1243 2182 1439 2254 valet,
1486 2183 1603 2240 nisi
1651 2188 1717 2239 ut
1763 2182 2253 2255 quemadmodum
2300 2200 2412 2256 per
2456 2185 2539 2243 vi-

461 2291 621 2343 ctum
681 2290 813 2343 tota
878 2286 1138 2343 humana
1197 2292 1421 2344 natura
1482 2293 1769 2358 corrupta
1829 2292 1893 2343 et
1951 2287 2125 2359 quasi
2170 2286 2540 2345 fermentata

461 2394 559 2446 est
602 2394 874 2461 peccato,
927 2406 1056 2446 cum
1103 2405 1216 2461 quo
1263 2389 1491 2447 nullum
1540 2389 1686 2446 deus
1718 2390 1974 2447 assumit
2004 2389 2082 2446 ad
2114 2390 2539 2462 perficiendam

461 2492 628 2549 illam
687 2493 996 2550 civitatem
1045 2493 1365 2550 caelestem
1388 2538 1402 2563 ,
1466 2494 1555 2550 ita
1600 2510 1712 2565 per
1756 2494 2095 2551 vincentem
2139 2492 2541 2551 iustificentur

464 2613 499 2653 a
561 2602 809 2667 peccato
877 2601 967 2652 tot
1025 2595 1326 2664 homine8‚
1401 2602 1546 2668 quot
1605 2595 1773 2653 11111111
1831 2612 2138 2653 numerum
2202 2598 2541 2669 conpleturi

463 2704 673 2767 erant,
745 2699 823 2755 ad
885 2715 1056 2769 quem
1119 2700 1515 2771 conplendum
1574 2700 1775 2757 factus
1838 2707 1932 2757 est
1989 2698 2179 2756 homo.
2257 2699 2378 2758 Sed
2433 2701 2541 2757 hoc

387 2784 397 2793 ’
465 2800 671 2857 facere
717 2800 1062 2858 nullatenus
1105 2807 1307 2874 potest
1352 2810 1638 2874 peccator
1679 2803 1870 2873 hom0,
1920 2803 2060 2873 quia
2089 2808 2375 2873 peccator
2406 2821 2538 2877 pec·

464 2909 730 2961 catorem
791 2904 1119 2961 iustificare
1177 2907 1402 2977 nequit.
1481 2901 1635 2965 Bos.
1699 2906 1781 2962 Et
1825 2906 1974 2962 nihil
2018 2906 2237 2963 iustius
2284 2912 2346 2964 et
2391 2906 2539 2964 nihil

464 3006 908 3078 inpossibilius;
971 3007 1077 3064 sed
1123 3025 1197 3065 ex
1242 3010 1334 3065 his
1381 3010 1649 3067 omnibus
1695 3009 1937 3067 videtur
1981 3009 2397 3067 misericordia
2444 3011 2538 3068 dei

405 3120 411 3126 ·
467 3116 529 3167 01
573 3126 710 3183 spes
757 3110 1012 3168 hominis
1057 3113 1292 3183 perire,
1342 3120 1629 3184 quantum
1676 3112 1755 3169 ad
1800 3112 2237 3169 beatitudinem
2282 3119 2535 3186 spectat,

466 3214 543 3271 ad
609 3230 783 3285 quam
849 3215 1048 3273 factus
1106 3222 1198 3272 est
1251 3214 1443 3271 hom0.
1521 3208 1679 3273 Art-9.
1744 3216 2017 3287 Expecta
2062 3215 2261 3274 adhuc
2304 3234 2537 3290 parum.

467 3312 619 3375 Bos.
668 3317 820 3387 Quid
864 3318 1051 3375 habes
1097 3318 1398 3389 amplius?

615 3636 766 3689 ¹Cfr.
805 3653 848 3689 0.
887 3638 955 3690 20
991 3643 1048 3691 et
1087 3654 1130 3691 c.
1169 3640 1253 3692 21.
