2775 4400
496 233 523 287 1
536 235 572 286 2
1375 225 1739 286 ANSELMI

487 411 589 470 vel
630 411 692 469 in
739 415 904 482 aere,
954 411 1094 483 quia
1139 409 1227 468 ibi
1271 409 1439 468 nulla
1484 415 1732 468 manent
1769 410 2045 482 picturae
2076 410 2360 483 vestigia.
2416 409 2617 480 Qua-

489 519 739 588 propter
786 531 917 573 cum
959 515 1071 572 has
1118 513 1570 574 convenientias
1617 529 1767 586 quas
1816 512 1965 571 dicis
2004 512 2347 572 infidelibus
2391 515 2613 586 quasi

489 618 778 691 quasdam
823 618 1098 691 picturas
1141 618 1234 674 rei
1273 622 1495 690 gestae·
1530 616 1931 689 obtendimuS,
1980 617 2257 690 quoniam
2280 634 2409 674 non
2444 635 2609 676 rem

489 727 758 794 gestam,
823 721 929 779 sed
987 721 1334 794 figmentum
1394 719 1777 778 arbitrantur
1839 735 1971 777 esse
2034 721 2190 793 quod
2245 719 2603 792 credimUS,

489 824 663 897 quasi
708 840 889 897 super
934 825 1150 882 nubem
1193 824 1459 896 pingere,
1483 839 1591 881 nos
1624 822 1991 881 existimant.
2040 822 2443 882 Monstranda
2482 831 2606 882 est

489 943 635 999 ergo
695 928 865 1000 prius
924 926 1204 986 veritatis
1265 925 1544 984 soliditas
1604 925 1989 985 rationabilis
2011 970 2025 998 ,
2092 925 2155 983 id
2213 933 2307 984 est
2360 943 2597 985 neces-

489 1031 661 1102 sitaS,
710 1047 864 1102 quae
909 1030 1126 1104 probet
1171 1029 1344 1088 deum
1392 1031 1471 1089 ad
1519 1047 1593 1089 ea
1640 1047 1794 1104 quae
1825 1029 2247 1102 praedicamus
2280 1030 2593 1089 debuisse

489 1139 597 1193 aut
638 1135 908 1206 potuisse
953 1133 1274 1192 humiliari.
1323 1134 1557 1192 Deinde
1602 1139 1671 1192 ut
1714 1134 1908 1206 ipsum
1955 1134 2128 1206 quasi
2161 1150 2377 1207 corpus
2406 1136 2593 1193 veri-

487 1238 637 1296 tatis
695 1238 832 1310 plus
889 1237 1119 1308 niteat,
1174 1238 1333 1295 istae
1394 1237 1848 1296 convenientiae
1895 1237 2068 1308 quasi
2113 1237 2390 1310 picturae
2438 1255 2587 1295 cor·

487 1342 652 1413 poris
697 1346 838 1398 sunt
881 1341 1290 1413 exponendae.
1337 1333 1499 1400 Ans.
1554 1340 1765 1399 Nonne
1812 1341 1963 1397 satis
2007 1340 2357 1398 necessaria
2398 1341 2586 1398 ratio

486 1445 764 1516 videtur,
812 1461 917 1502 cur
963 1444 1111 1503 deus
1158 1461 1231 1502 ea
1276 1460 1431 1517 quae
1480 1444 1729 1502 dicimus
1774 1443 1982 1502 facere
2030 1444 2337 1502 debuerit:
2421 1445 2583 1516 quia

490 1564 682 1620 genus
725 1547 1064 1619 humanum,
1110 1553 1235 1605 tam
1283 1547 1519 1606 scilicet
1561 1547 1898 1620 preciosum
1940 1564 2089 1621 opus
2130 1547 2278 1620 ciuS,
2328 1548 2580 1606 omnino

489 1652 780 1723 perierat,
828 1667 940 1709 nec
982 1650 1257 1723 decebat,
1303 1656 1372 1709 ut
1404 1651 1560 1725 quod
1594 1651 1739 1708 deus
1774 1651 1845 1708 de
1877 1651 2111 1709 homine
2141 1656 2575 1724 proposuerat,

487 1755 729 1828 penitus
770 1753 1234 1827 annihilaretur,
1281 1771 1393 1814 nec
1424 1754 1582 1813 idem
1614 1755 1743 1812 eius
1772 1754 2145 1828 propositum
2166 1736 2254 1813 'ad
2287 1755 2572 1822 effectum

491 1859 627 1917 duci
688 1864 964 1931 poterat,
1026 1859 1145 1917 nisi
1206 1875 1398 1932 genus
1457 1859 1777 1916 humanum
1830 1859 1906 1916 ab
1952 1859 2085 1931 ipso
2133 1863 2407 1916 creatore
2452 1875 2571 1916 suo

486 1963 854 2029 liberaretur
868 1965 896 2019 ἰ’

547 2151 619 2172 '-
664 2160 754 2231 V.
803 2162 957 2229 Bos,
1018 2167 1190 2228 Haec
1231 2170 1368 2244 ipsa
1413 2169 1697 2229 liberatio
1745 2169 1796 2228 si
1838 2184 1950 2241 per
1997 2169 2181 2227 aliam
2228 2185 2403 2242 quam
2448 2185 2569 2241 per-

491 2272 588 2330 dei
641 2288 994 2345 personam,
1058 2274 1186 2331 sive
1229 2290 1341 2346 per
1385 2274 1666 2345 angelum
1714 2274 1841 2332 sive
1885 2289 1997 2345 per
2040 2273 2367 2345 hominem,
2428 2288 2561 2329 esse

488 2376 658 2433 facta
719 2375 988 2448 quolibet
1048 2376 1220 2434 modo
1283 2377 1621 2449 diceretur,
1674 2393 1839 2435 mens
1901 2375 2012 2435 hoc
2071 2376 2331 2435 humana
2375 2374 2561 2434 multo

489 2479 872 2538 tolerabilius
917 2480 1242 2560 acciperet.
1311 2479 1523 2539 Potuit
1570 2472 1724 2538 enim
1772 2479 1918 2539 deus
1963 2479 2257 2538 hominem
2300 2478 2559 2552 aliquem

487 2583 694 2641 facere
742 2584 870 2641 sine
915 2590 1185 2657 peccato,
1234 2600 1352 2641 non
1399 2583 1473 2641 de
1510 2600 1712 2642 massa
1743 2584 2104 2656 peccatrice,
2148 2599 2259 2641 nec
2291 2583 2364 2641 de
2395 2580 2555 2641 alio¹

487 2687 758 2758 homine,
814 2687 920 2744 sed
967 2686 1125 2745 sicut
1167 2687 1319 2746 fecit
1359 2686 1591 2759 Adam,
1637 2703 1749 2759 per
1796 2703 1969 2759 quem
2013 2686 2125 2745 hoc
2168 2687 2363 2759 ipsum
2410 2702 2557 2759 opus

488 2788 621 2848 fieri
663 2790 933 2861 potuisse
979 2790 1221 2848 videtur
1237 2784 1282 2846 ².
1344 2782 1508 2849 Ans.
1554 2788 1771 2847 Annon
1814 2790 2143 2861 intellegis
2193 2790 2333 2862 quia
2380 2805 2558 2862 quae-

491 2908 720 2965 cunque
780 2892 904 2951 alia
948 2908 1210 2966 persona
1252 2892 1548 2950 hominem
1594 2910 1631 2951 a
1676 2897 1867 2950 morte
1914 2898 2167 2951 aeterna
2210 2892 2555 2969 redimeret,

491 2996 620 3053 eius
681 3012 892 3053 servus
936 2995 1094 3076 idem
1138 2995 1309 3053 homo
1354 3001 1522 3054 recte
1566 2996 1990 3055 iudicaretur?
2068 2996 2234 3066 Quod
2281 2996 2333 3053 si
2380 3000 2557 3067 esset,

477 3098 834 3159 nullatenus
863 3104 1248 3160 restauratus
1281 3105 1444 3157 esset
1472 3100 1533 3159 in
1564 3100 1732 3158 illam
1766 3099 2146 3171 dignitatem,
2190 3116 2378 3172 quam
2394 3098 2556 3157 habi-

488 3207 662 3261 turus
695 3208 848 3274 erat,
875 3202 1068 3260 sinon
1092 3208 1438 3275 peccasset:
1476 3203 1782 3275 cumipse,
1817 3203 2058 3276 quinon
2081 3203 2200 3261 nisi
2226 3201 2323 3260 dei
2348 3218 2558 3261 servus

492 3311 554 3363 et
612 3306 884 3377 aequalis
939 3306 1176 3379 angelis
1221 3305 1397 3364 bonis
1444 3323 1553 3379 per
1599 3306 1797 3364 omnia
1841 3306 2085 3364 futurus
2132 3311 2302 3377 erat,
2351 3321 2558 3364 servus

494 3414 654 3466 esset
680 3410 826 3481 eius,
855 3410 954 3482 qui
981 3410 1127 3467 deus
1152 3426 1269 3467 non
1295 3416 1474 3482 esset,
1503 3415 1565 3467 et
1588 3410 1757 3469 cuius
1782 3410 1987 3482 angeli
2011 3410 2173 3469 servi
2196 3426 2315 3467 non
2340 3416 2553 3469 essent.

635 3641 992 3697 ¹ABCLOP:
1033 3645 1259 3713 aliquo,
1296 3676 1359 3683 ——
1403 3646 1423 3679 ²
1445 3644 1581 3698 KN:
1618 3644 1927 3698 videatur.
