<?xml version="1.0" encoding="UTF-8"?>
<!DOCTYPE html PUBLIC "-//W3C//DTD XHTML 1.0 Transitional//EN"
    "http://www.w3.org/TR/xhtml1/DTD/xhtml1-transitional.dtd">
<html xmlns="http://www.w3.org/1999/xhtml" xml:lang="en" lang="en">
 <head>
  <title>
</title>
<meta http-equiv="Content-Type" content="text/html;charset=utf-8" />
  <meta name='ocr-system' content='tesseract 3.04.00' />
  <meta name='ocr-capabilities' content='ocr_page ocr_carea ocr_par ocr_line ocrx_word'/>
</head>
<body>
  <div class='ocr_page' id='page_1' title='image "anselmicantuari00unkngoog_0101.png"; bbox 0 0 2775 4400; ppageno 0'>
   <div class='ocr_carea' id='block_1_1' title="bbox 691 275 2334 338">
    <p class='ocr_par' dir='ltr' id='par_1_1' title="bbox 691 275 2334 338">
     <span class='ocr_line' id='line_1_1' title="bbox 691 275 2334 338; baseline -0.002 0"><span class='ocrx_word' id='word_1_1' title='bbox 691 279 849 338; x_wconf 87' lang='lat' dir='ltr'>CUR</span> <span class='ocrx_word' id='word_1_2' title='bbox 893 278 1102 338; x_wconf 82' lang='lat' dir='ltr'>DEUS</span> <span class='ocrx_word' id='word_1_3' title='bbox 1147 278 1397 338; x_wconf 83' lang='lat' dir='ltr'><strong>HOMO.</strong></span> <span class='ocrx_word' id='word_1_4' title='bbox 1446 279 1530 336; x_wconf 89' lang='grc' dir='ltr'>ΙΙ.</span> <span class='ocrx_word' id='word_1_5' title='bbox 1578 297 1705 338; x_wconf 80' lang='lat' dir='ltr'>xvr.</span> <span class='ocrx_word' id='word_1_6' title='bbox 1756 275 1907 337; x_wconf 66' lang='lat' dir='ltr'>x&#39;vn.</span> <span class='ocrx_word' id='word_1_7' title='bbox 2258 282 2334 336; x_wconf 76' lang='lat'>87</span> 
     </span>
    </p>
   </div>
   <div class='ocr_carea' id='block_1_2' title="bbox 204 457 2342 1142">
    <p class='ocr_par' dir='ltr' id='par_1_2' title="bbox 204 457 2342 1142">
     <span class='ocr_line' id='line_1_2' title="bbox 213 457 2342 546; baseline -0.001 -26"><span class='ocrx_word' id='word_1_8' title='bbox 213 457 382 522; x_wconf 78' lang='lat' dir='ltr'>Bos.</span> <span class='ocrx_word' id='word_1_9' title='bbox 439 462 564 520; x_wconf 90' lang='lat' dir='ltr'>An</span> <span class='ocrx_word' id='word_1_10' title='bbox 613 478 677 519; x_wconf 87' lang='lat' dir='ltr'>es</span> <span class='ocrx_word' id='word_1_11' title='bbox 723 461 964 533; x_wconf 88' lang='lat' dir='ltr'>oblitus,</span> <span class='ocrx_word' id='word_1_12' title='bbox 1021 461 1163 534; x_wconf 88' lang='lat' dir='ltr'>quid</span> <span class='ocrx_word' id='word_1_13' title='bbox 1211 462 1701 546; x_wconf 72' lang='lat' dir='ltr'>excusationibus</span> <span class='ocrx_word' id='word_1_14' title='bbox 1746 462 1867 519; x_wconf 92' lang='lat' dir='ltr'>tuis</span> <span class='ocrx_word' id='word_1_15' title='bbox 1913 462 2233 520; x_wconf 86' lang='lat' dir='ltr'>obiecerim</span> <span class='ocrx_word' id='word_1_16' title='bbox 2277 461 2342 518; x_wconf 90' lang='lat' dir='ltr'>in</span> 
     </span>
     <span class='ocr_line' id='line_1_3' title="bbox 209 554 2340 639; baseline -0 -15"><span class='ocrx_word' id='word_1_17' title='bbox 209 567 404 624; x_wconf 83' lang='lat' dir='ltr'>buius</span> <span class='ocrx_word' id='word_1_18' title='bbox 482 566 932 637; x_wconf 81' lang='lat' dir='ltr'><strong>disputationis</strong></span> <span class='ocrx_word' id='word_1_19' title='bbox 976 567 1601 639; x_wconf 78' lang='lat' dir='ltr'>nostrae-principiO,</span> <span class='ocrx_word' id='word_1_20' title='bbox 1664 567 1807 638; x_wconf 88' lang='lat' dir='ltr'>quia</span> <span class='ocrx_word' id='word_1_21' title='bbox 1854 564 2140 623; x_wconf 86' lang='lat' dir='ltr'>videlicet</span> <span class='ocrx_word' id='word_1_22' title='bbox 2185 554 2340 637; x_wconf 88' lang='lat' dir='ltr'>quod</span> 
     </span>
     <span class='ocr_line' id='line_1_4' title="bbox 209 669 2341 742; baseline 0 -16"><span class='ocrx_word' id='word_1_23' title='bbox 209 670 650 742; x_wconf 82' lang='lat' dir='ltr'>postulabam</span> <span class='ocrx_word' id='word_1_24' title='bbox 709 687 825 727; x_wconf 92' lang='lat' dir='ltr'>non</span> <span class='ocrx_word' id='word_1_25' title='bbox 881 670 1121 727; x_wconf 86' lang='lat' dir='ltr'>faceres</span> <span class='ocrx_word' id='word_1_26' title='bbox 1182 670 1408 741; x_wconf 89' lang='lat' dir='ltr'>doctis,</span> <span class='ocrx_word' id='word_1_27' title='bbox 1488 669 1593 727; x_wconf 86' lang='lat' dir='ltr'>sed</span> <span class='ocrx_word' id='word_1_28' title='bbox 1656 670 1799 726; x_wconf 88' lang='lat' dir='ltr'>mihi</span> <span class='ocrx_word' id='word_1_29' title='bbox 1860 674 1921 725; x_wconf 92' lang='lat' dir='ltr'>et</span> <span class='ocrx_word' id='word_1_30' title='bbox 1978 669 2089 727; x_wconf 90' lang='lat' dir='ltr'>hoc</span> <span class='ocrx_word' id='word_1_31' title='bbox 2145 669 2341 740; x_wconf 91' lang='lat' dir='ltr'>ipsum</span> 
     </span>
     <span class='ocr_line' id='line_1_5' title="bbox 204 762 2341 845; baseline -0 -15"><span class='ocrx_word' id='word_1_32' title='bbox 204 789 470 830; x_wconf 88' lang='lat' dir='ltr'>mecum</span> <span class='ocrx_word' id='word_1_33' title='bbox 550 762 944 845; x_wconf 84' lang='lat' dir='ltr'>petentibus?</span> <span class='ocrx_word' id='word_1_34' title='bbox 1021 771 1262 830; x_wconf 78' lang='lat' dir='ltr'>Sustine</span> <span class='ocrx_word' id='word_1_35' title='bbox 1325 773 1551 844; x_wconf 85' lang='lat' dir='ltr'>igitur,</span> <span class='ocrx_word' id='word_1_36' title='bbox 1621 778 1690 830; x_wconf 91' lang='lat' dir='ltr'>ut</span> <span class='ocrx_word' id='word_1_37' title='bbox 1747 789 1857 844; x_wconf 90' lang='lat' dir='ltr'>pro</span> <span class='ocrx_word' id='word_1_38' title='bbox 1920 772 2218 829; x_wconf 78' lang='lat' dir='ltr'>tarditate</span> <span class='ocrx_word' id='word_1_39' title='bbox 2281 778 2341 829; x_wconf 90' lang='lat' dir='ltr'>et</span> 
     </span>
     <span class='ocr_line' id='line_1_6' title="bbox 205 876 2339 948; baseline 0 -15"><span class='ocrx_word' id='word_1_40' title='bbox 205 876 628 934; x_wconf 82' lang='lat' dir='ltr'>hebetudine</span> <span class='ocrx_word' id='word_1_41' title='bbox 688 876 881 934; x_wconf 83' lang='lat' dir='ltr'>nostri</span> <span class='ocrx_word' id='word_1_42' title='bbox 936 892 1222 948; x_wconf 87' lang='lat' dir='ltr'>quaeram</span> <span class='ocrx_word' id='word_1_43' title='bbox 1266 877 1530 948; x_wconf 84' lang='lat' dir='ltr'>ingenii,</span> <span class='ocrx_word' id='word_1_44' title='bbox 1595 877 1877 948; x_wconf 85' lang='lat' dir='ltr'>quatinus</span> <span class='ocrx_word' id='word_1_45' title='bbox 1922 876 2065 933; x_wconf 89' lang='lat' dir='ltr'>mihi</span> <span class='ocrx_word' id='word_1_46' title='bbox 2112 881 2173 934; x_wconf 92' lang='lat' dir='ltr'>et</span> <span class='ocrx_word' id='word_1_47' title='bbox 2217 877 2339 935; x_wconf 90' lang='lat' dir='ltr'>illis</span> 
     </span>
     <span class='ocr_line' id='line_1_7' title="bbox 205 979 2338 1052; baseline 0 -16"><span class='ocrx_word' id='word_1_48' title='bbox 205 980 418 1037; x_wconf 86' lang='lat' dir='ltr'>etiam</span> <span class='ocrx_word' id='word_1_49' title='bbox 498 981 574 1039; x_wconf 89' lang='lat' dir='ltr'>in</span> <span class='ocrx_word' id='word_1_50' title='bbox 633 979 970 1052; x_wconf 85' lang='lat' dir='ltr'>puerilibus</span> <span class='ocrx_word' id='word_1_51' title='bbox 1026 980 1513 1052; x_wconf 77' lang='lat' dir='ltr'>quaestionibuS,</span> <span class='ocrx_word' id='word_1_52' title='bbox 1577 980 1733 1037; x_wconf 90' lang='lat' dir='ltr'>sicut</span> <span class='ocrx_word' id='word_1_53' title='bbox 1784 979 2101 1052; x_wconf 83' lang='lat' dir='ltr'>incepisti,</span> <span class='ocrx_word' id='word_1_54' title='bbox 2164 981 2338 1040; x_wconf 85' lang='lat' dir='ltr'>satis-</span> 
     </span>
     <span class='ocr_line' id='line_1_8' title="bbox 205 1083 459 1142; baseline 0 -2"><span class='ocrx_word' id='word_1_55' title='bbox 205 1083 459 1142; x_wconf 78' lang='lat' dir='ltr'>facia-S.</span> 
     </span>
    </p>
   </div>
   <div class='ocr_carea' id='block_1_3' title="bbox 208 1281 2407 3539">
    <p class='ocr_par' dir='ltr' id='par_1_3' title="bbox 208 1281 2407 3539">
     <span class='ocr_line' id='line_1_9' title="bbox 405 1281 2338 1364; baseline -0.001 -13"><span class='ocrx_word' id='word_1_56' title='bbox 405 1282 662 1352; x_wconf 84' lang='lat' dir='ltr'>XVII</span> <span class='ocrx_word' id='word_1_57' title='bbox 685 1285 726 1352; x_wconf 89' lang='lat'>¹.</span> <span class='ocrx_word' id='word_1_58' title='bbox 789 1281 952 1349; x_wconf 76' lang='lat' dir='ltr'>Ans.</span> <span class='ocrx_word' id='word_1_59' title='bbox 1014 1291 1144 1348; x_wconf 87' lang='lat' dir='ltr'>Iam</span> <span class='ocrx_word' id='word_1_60' title='bbox 1192 1290 1469 1361; x_wconf 75' lang='lat' dir='ltr'>diximUS,</span> <span class='ocrx_word' id='word_1_61' title='bbox 1518 1291 1660 1362; x_wconf 89' lang='lat' dir='ltr'>quia</span> <span class='ocrx_word' id='word_1_62' title='bbox 1708 1291 1854 1348; x_wconf 84' lang='lat' dir='ltr'>deus</span> <span class='ocrx_word' id='word_1_63' title='bbox 1898 1292 2207 1364; x_wconf 89' lang='lat' dir='ltr'>inproprie</span> <span class='ocrx_word' id='word_1_64' title='bbox 2254 1292 2338 1350; x_wconf 87' lang='lat' dir='ltr'>di-</span> 
     </span>
     <span class='ocr_line' id='line_1_10' title="bbox 209 1393 2339 1467; baseline 0 -16"><span class='ocrx_word' id='word_1_65' title='bbox 209 1395 394 1452; x_wconf 87' lang='lat' dir='ltr'>citur</span> <span class='ocrx_word' id='word_1_66' title='bbox 472 1395 714 1466; x_wconf 84' lang='lat' dir='ltr'>aliquid</span> <span class='ocrx_word' id='word_1_67' title='bbox 774 1411 890 1452; x_wconf 90' lang='lat' dir='ltr'>non</span> <span class='ocrx_word' id='word_1_68' title='bbox 951 1411 1162 1467; x_wconf 89' lang='lat' dir='ltr'>posse,</span> <span class='ocrx_word' id='word_1_69' title='bbox 1215 1400 1340 1451; x_wconf 79' lang='lat' dir='ltr'>aut</span> <span class='ocrx_word' id='word_1_70' title='bbox 1397 1395 1763 1452; x_wconf 86' lang='lat' dir='ltr'>necessitate</span> <span class='ocrx_word' id='word_1_71' title='bbox 1822 1394 2047 1452; x_wconf 88' lang='lat' dir='ltr'>facere.</span> <span class='ocrx_word' id='word_1_72' title='bbox 2135 1393 2339 1452; x_wconf 89' lang='lat' dir='ltr'>Omnis</span> 
     </span>
     <span class='ocr_line' id='line_1_11' title="bbox 214 1496 2336 1571; baseline 0 -17"><span class='ocrx_word' id='word_1_73' title='bbox 214 1497 480 1571; x_wconf 87' lang='lat' dir='ltr'>quippe</span> <span class='ocrx_word' id='word_1_74' title='bbox 549 1499 888 1555; x_wconf 82' lang='lat' dir='ltr'>necessitas</span> <span class='ocrx_word' id='word_1_75' title='bbox 933 1505 994 1554; x_wconf 90' lang='lat' dir='ltr'>et</span> <span class='ocrx_word' id='word_1_76' title='bbox 1037 1496 1481 1570; x_wconf 86' lang='lat' dir='ltr'>inpossibilitas</span> <span class='ocrx_word' id='word_1_77' title='bbox 1528 1498 1655 1554; x_wconf 89' lang='lat' dir='ltr'>eius</span> <span class='ocrx_word' id='word_1_78' title='bbox 1702 1497 1975 1555; x_wconf 88' lang='lat' dir='ltr'>subiacet</span> <span class='ocrx_word' id='word_1_79' title='bbox 2019 1498 2336 1556; x_wconf 82' lang='lat' dir='ltr'>voluntati.</span> 
     </span>
     <span class='ocr_line' id='line_1_12' title="bbox 211 1600 2337 1672; baseline 0 -14"><span class='ocrx_word' id='word_1_80' title='bbox 211 1600 421 1658; x_wconf 87' lang='lat' dir='ltr'>Illius</span> <span class='ocrx_word' id='word_1_81' title='bbox 500 1605 705 1658; x_wconf 85' lang='lat' dir='ltr'>autem</span> <span class='ocrx_word' id='word_1_82' title='bbox 764 1600 1046 1659; x_wconf 87' lang='lat' dir='ltr'>voluntas</span> <span class='ocrx_word' id='word_1_83' title='bbox 1104 1601 1252 1667; x_wconf 85' lang='lat' dir='ltr'>nulli</span> <span class='ocrx_word' id='word_1_84' title='bbox 1315 1601 1593 1659; x_wconf 85' lang='lat' dir='ltr'>subditur</span> <span class='ocrx_word' id='word_1_85' title='bbox 1653 1602 2037 1672; x_wconf 85' lang='lat' dir='ltr'>necessitati,</span> <span class='ocrx_word' id='word_1_86' title='bbox 2101 1608 2210 1658; x_wconf 89' lang='lat' dir='ltr'>aut</span> <span class='ocrx_word' id='word_1_87' title='bbox 2255 1602 2337 1658; x_wconf 89' lang='lat' dir='ltr'>in-</span> 
     </span>
     <span class='ocr_line' id='line_1_13' title="bbox 220 1704 2337 1777; baseline 0 -15"><span class='ocrx_word' id='word_1_88' title='bbox 220 1705 684 1777; x_wconf 86' lang='lat' dir='ltr'>possibilitati.</span> <span class='ocrx_word' id='word_1_89' title='bbox 763 1705 929 1762; x_wconf 87' lang='lat' dir='ltr'>Nihil</span> <span class='ocrx_word' id='word_1_90' title='bbox 975 1705 1128 1762; x_wconf 92' lang='lat' dir='ltr'>enim</span> <span class='ocrx_word' id='word_1_91' title='bbox 1177 1709 1269 1762; x_wconf 90' lang='lat' dir='ltr'>est</span> <span class='ocrx_word' id='word_1_92' title='bbox 1313 1707 1753 1777; x_wconf 86' lang='lat' dir='ltr'>necessa-rium,</span> <span class='ocrx_word' id='word_1_93' title='bbox 1816 1711 1922 1763; x_wconf 89' lang='lat' dir='ltr'>aut</span> <span class='ocrx_word' id='word_1_94' title='bbox 1967 1704 2337 1777; x_wconf 90' lang='lat' dir='ltr'>inpossibile,</span> 
     </span>
     <span class='ocr_line' id='line_1_14' title="bbox 208 1798 2338 1882; baseline 0 -16"><span class='ocrx_word' id='word_1_95' title='bbox 208 1810 356 1866; x_wconf 86' lang='lat' dir='ltr'>-nisi</span> <span class='ocrx_word' id='word_1_96' title='bbox 427 1810 586 1882; x_wconf 86' lang='lat' dir='ltr'>quia</span> <span class='ocrx_word' id='word_1_97' title='bbox 644 1798 774 1881; x_wconf 87' lang='lat' dir='ltr'>ipse</span> <span class='ocrx_word' id='word_1_98' title='bbox 817 1810 907 1866; x_wconf 89' lang='lat' dir='ltr'>ita</span> <span class='ocrx_word' id='word_1_99' title='bbox 951 1808 1114 1867; x_wconf 84' lang='lat' dir='ltr'>vult:</span> <span class='ocrx_word' id='word_1_100' title='bbox 1191 1810 1386 1881; x_wconf 91' lang='lat' dir='ltr'>ipsum</span> <span class='ocrx_word' id='word_1_101' title='bbox 1433 1825 1575 1867; x_wconf 91' lang='lat' dir='ltr'>vero</span> <span class='ocrx_word' id='word_1_102' title='bbox 1622 1815 1729 1866; x_wconf 89' lang='lat' dir='ltr'>aut</span> <span class='ocrx_word' id='word_1_103' title='bbox 1772 1809 1964 1881; x_wconf 90' lang='lat' dir='ltr'>velle,</span> <span class='ocrx_word' id='word_1_104' title='bbox 2027 1814 2135 1866; x_wconf 88' lang='lat' dir='ltr'>aut</span> <span class='ocrx_word' id='word_1_105' title='bbox 2178 1807 2338 1866; x_wconf 90' lang='lat' dir='ltr'>nolle</span> 
     </span>
     <span class='ocr_line' id='line_1_15' title="bbox 225 1910 2335 1985; baseline 0 -17"><span class='ocrx_word' id='word_1_106' title='bbox 225 1911 494 1985; x_wconf 86' lang='lat' dir='ltr'>aliquid</span> <span class='ocrx_word' id='word_1_107' title='bbox 540 1918 791 1985; x_wconf 90' lang='lat' dir='ltr'>propter</span> <span class='ocrx_word' id='word_1_108' title='bbox 836 1913 1279 1983; x_wconf 84' lang='lat' dir='ltr'>necessitatem,</span> <span class='ocrx_word' id='word_1_109' title='bbox 1327 1918 1436 1969; x_wconf 87' lang='lat' dir='ltr'>aut</span> <span class='ocrx_word' id='word_1_110' title='bbox 1478 1911 2028 1984; x_wconf 84' lang='lat' dir='ltr'>inpossibilitatem,</span> <span class='ocrx_word' id='word_1_111' title='bbox 2076 1910 2335 1969; x_wconf 89' lang='lat' dir='ltr'>alienum</span> 
     </span>
     <span class='ocr_line' id='line_1_16' title="bbox 227 2014 2337 2087; baseline 0 -15"><span class='ocrx_word' id='word_1_112' title='bbox 227 2022 331 2073; x_wconf 90' lang='lat' dir='ltr'>est</span> <span class='ocrx_word' id='word_1_113' title='bbox 403 2033 450 2074; x_wconf 83' lang='lat' dir='ltr'>a</span> <span class='ocrx_word' id='word_1_114' title='bbox 513 2017 793 2074; x_wconf 88' lang='lat' dir='ltr'>veritate.</span> <span class='ocrx_word' id='word_1_115' title='bbox 870 2015 1100 2087; x_wconf 78' lang='lat' dir='ltr'>Quare,</span> <span class='ocrx_word' id='word_1_116' title='bbox 1164 2017 1444 2087; x_wconf 88' lang='lat' dir='ltr'>quoniam</span> <span class='ocrx_word' id='word_1_117' title='bbox 1498 2017 1693 2073; x_wconf 87' lang='lat' dir='ltr'>omnia</span> <span class='ocrx_word' id='word_1_118' title='bbox 1740 2031 1893 2087; x_wconf 87' lang='lat' dir='ltr'>quae</span> <span class='ocrx_word' id='word_1_119' title='bbox 1938 2014 2071 2072; x_wconf 87' lang='lat' dir='ltr'>vult</span> <span class='ocrx_word' id='word_1_120' title='bbox 2116 2020 2177 2071; x_wconf 93' lang='lat' dir='ltr'>et</span> <span class='ocrx_word' id='word_1_121' title='bbox 2221 2031 2337 2072; x_wconf 91' lang='lat' dir='ltr'>non</span> 
     </span>
     <span class='ocr_line' id='line_1_17' title="bbox 230 2118 2337 2192; baseline 0 -16"><span class='ocrx_word' id='word_1_122' title='bbox 230 2119 362 2176; x_wconf 83' lang='lat' dir='ltr'>nisi</span> <span class='ocrx_word' id='word_1_123' title='bbox 418 2135 586 2192; x_wconf 87' lang='lat' dir='ltr'>quae</span> <span class='ocrx_word' id='word_1_124' title='bbox 630 2118 794 2191; x_wconf 85' lang='lat' dir='ltr'>vult,</span> <span class='ocrx_word' id='word_1_125' title='bbox 851 2119 1038 2192; x_wconf 86' lang='lat' dir='ltr'>facit,</span> <span class='ocrx_word' id='word_1_126' title='bbox 1088 2119 1244 2177; x_wconf 91' lang='lat' dir='ltr'>sicut</span> <span class='ocrx_word' id='word_1_127' title='bbox 1287 2119 1455 2176; x_wconf 89' lang='lat' dir='ltr'>nulla</span> <span class='ocrx_word' id='word_1_128' title='bbox 1502 2120 1865 2189; x_wconf 86' lang='lat' dir='ltr'>necessitas,</span> <span class='ocrx_word' id='word_1_129' title='bbox 1913 2118 2040 2176; x_wconf 88' lang='lat' dir='ltr'>sive</span> <span class='ocrx_word' id='word_1_130' title='bbox 2085 2119 2337 2191; x_wconf 90' lang='lat' dir='ltr'>inpossi-</span> 
     </span>
     <span class='ocr_line' id='line_1_18' title="bbox 229 2222 2337 2296; baseline 0 -17"><span class='ocrx_word' id='word_1_131' title='bbox 229 2222 478 2281; x_wconf 84' lang='lat' dir='ltr'>bilitas</span> <span class='ocrx_word' id='word_1_132' title='bbox 522 2224 839 2296; x_wconf 87' lang='lat' dir='ltr'>praecedit</span> <span class='ocrx_word' id='word_1_133' title='bbox 884 2224 1012 2281; x_wconf 91' lang='lat' dir='ltr'>eius</span> <span class='ocrx_word' id='word_1_134' title='bbox 1058 2223 1234 2294; x_wconf 90' lang='lat' dir='ltr'>velle,</span> <span class='ocrx_word' id='word_1_135' title='bbox 1284 2230 1393 2281; x_wconf 89' lang='lat' dir='ltr'>aut</span> <span class='ocrx_word' id='word_1_136' title='bbox 1437 2223 1615 2296; x_wconf 89' lang='lat' dir='ltr'>nolle,</span> <span class='ocrx_word' id='word_1_137' title='bbox 1662 2225 1751 2281; x_wconf 84' lang='lat' dir='ltr'>ita</span> <span class='ocrx_word' id='word_1_138' title='bbox 1796 2241 1908 2282; x_wconf 89' lang='lat' dir='ltr'>nec</span> <span class='ocrx_word' id='word_1_139' title='bbox 1954 2224 2081 2281; x_wconf 90' lang='lat' dir='ltr'>eius</span> <span class='ocrx_word' id='word_1_140' title='bbox 2111 2223 2337 2295; x_wconf 84' lang='lat' dir='ltr'>facere,</span> 
     </span>
     <span class='ocr_line' id='line_1_19' title="bbox 231 2327 2337 2400; baseline 0 -18"><span class='ocrx_word' id='word_1_141' title='bbox 231 2330 356 2384; x_wconf 88' lang='lat' dir='ltr'>aut</span> <span class='ocrx_word' id='word_1_142' title='bbox 404 2343 535 2385; x_wconf 88' lang='lat' dir='ltr'>non</span> <span class='ocrx_word' id='word_1_143' title='bbox 579 2327 805 2398; x_wconf 87' lang='lat' dir='ltr'>facere,</span> <span class='ocrx_word' id='word_1_144' title='bbox 853 2329 1122 2400; x_wconf 67' lang='lat' dir='ltr'>quamvis</span> <span class='ocrx_word' id='word_1_145' title='bbox 1167 2327 1355 2385; x_wconf 86' lang='lat' dir='ltr'>multa</span> <span class='ocrx_word' id='word_1_146' title='bbox 1390 2329 1539 2386; x_wconf 91' lang='lat' dir='ltr'>velit</span> <span class='ocrx_word' id='word_1_147' title='bbox 1567 2328 2005 2386; x_wconf 80' lang='lat' dir='ltr'>inmutabiliter</span> <span class='ocrx_word' id='word_1_148' title='bbox 2036 2333 2097 2385; x_wconf 90' lang='lat' dir='ltr'>et</span> <span class='ocrx_word' id='word_1_149' title='bbox 2126 2327 2337 2384; x_wconf 87' lang='lat' dir='ltr'>faciat.</span> 
     </span>
     <span class='ocr_line' id='line_1_20' title="bbox 235 2428 2407 2504; baseline -0.001 -17"><span class='ocrx_word' id='word_1_150' title='bbox 235 2428 330 2487; x_wconf 83' lang='lat' dir='ltr'>Et</span> <span class='ocrx_word' id='word_1_151' title='bbox 380 2432 553 2489; x_wconf 89' lang='lat' dir='ltr'>sicut</span> <span class='ocrx_word' id='word_1_152' title='bbox 597 2447 726 2488; x_wconf 92' lang='lat' dir='ltr'>cum</span> <span class='ocrx_word' id='word_1_153' title='bbox 774 2431 920 2489; x_wconf 89' lang='lat' dir='ltr'>deus</span> <span class='ocrx_word' id='word_1_154' title='bbox 964 2431 1117 2489; x_wconf 87' lang='lat' dir='ltr'>facit-</span> <span class='ocrx_word' id='word_1_155' title='bbox 1156 2432 1407 2504; x_wconf 88' lang='lat' dir='ltr'>aliquid,</span> <span class='ocrx_word' id='word_1_156' title='bbox 1454 2438 1769 2504; x_wconf 87' lang='lat' dir='ltr'>postquam</span> <span class='ocrx_word' id='word_1_157' title='bbox 1800 2431 2027 2489; x_wconf 89' lang='lat' dir='ltr'>factum</span> <span class='ocrx_word' id='word_1_158' title='bbox 2061 2438 2172 2492; x_wconf 78' lang='lat' dir='ltr'>est,</span> <span class='ocrx_word' id='word_1_159' title='bbox 2219 2430 2339 2486; x_wconf 89' lang='lat' dir='ltr'>iam</span> <span class='ocrx_word' id='word_1_160' title='bbox 2400 2439 2407 2441; x_wconf 80' lang='grc'><em>“</em></span> 
     </span>
     <span class='ocr_line' id='line_1_21' title="bbox 240 2532 2337 2607; baseline -0.001 -16"><span class='ocrx_word' id='word_1_161' title='bbox 240 2550 373 2592; x_wconf 86' lang='lat' dir='ltr'>non</span> <span class='ocrx_word' id='word_1_162' title='bbox 422 2539 633 2607; x_wconf 88' lang='lat' dir='ltr'>potest</span> <span class='ocrx_word' id='word_1_163' title='bbox 676 2552 792 2591; x_wconf 90' lang='lat' dir='ltr'>non</span> <span class='ocrx_word' id='word_1_164' title='bbox 841 2550 972 2591; x_wconf 89' lang='lat' dir='ltr'>esse</span> <span class='ocrx_word' id='word_1_165' title='bbox 1017 2534 1264 2605; x_wconf 87' lang='lat' dir='ltr'>factum,</span> <span class='ocrx_word' id='word_1_166' title='bbox 1313 2534 1419 2591; x_wconf 88' lang='lat' dir='ltr'>sed</span> <span class='ocrx_word' id='word_1_167' title='bbox 1468 2550 1703 2606; x_wconf 86' lang='lat' dir='ltr'>semper</span> <span class='ocrx_word' id='word_1_168' title='bbox 1746 2550 1953 2592; x_wconf 90' lang='lat' dir='ltr'>verum</span> <span class='ocrx_word' id='word_1_169' title='bbox 1988 2538 2081 2589; x_wconf 89' lang='lat' dir='ltr'>est</span> <span class='ocrx_word' id='word_1_170' title='bbox 2112 2532 2337 2589; x_wconf 88' lang='lat' dir='ltr'>factum</span> 
     </span>
     <span class='ocr_line' id='line_1_22' title="bbox 245 2635 2342 2711; baseline -0.001 -17"><span class='ocrx_word' id='word_1_171' title='bbox 245 2652 416 2711; x_wconf 87' lang='lat' dir='ltr'>esse,</span> <span class='ocrx_word' id='word_1_172' title='bbox 468 2654 580 2695; x_wconf 87' lang='lat' dir='ltr'>nec</span> <span class='ocrx_word' id='word_1_173' title='bbox 625 2643 826 2695; x_wconf 89' lang='lat' dir='ltr'>tamen</span> <span class='ocrx_word' id='word_1_174' title='bbox 871 2644 1036 2696; x_wconf 90' lang='lat' dir='ltr'>recte</span> <span class='ocrx_word' id='word_1_175' title='bbox 1070 2638 1292 2696; x_wconf 81' lang='lat' dir='ltr'>dicitur</span> <span class='ocrx_word' id='word_1_176' title='bbox 1318 2637 1673 2710; x_wconf 91' lang='lat' dir='ltr'>inpossibile</span> <span class='ocrx_word' id='word_1_177' title='bbox 1706 2636 1815 2694; x_wconf 86' lang='lat' dir='ltr'>deo</span> <span class='ocrx_word' id='word_1_178' title='bbox 1850 2652 2001 2707; x_wconf 86' lang='lat' dir='ltr'>esse,</span> <span class='ocrx_word' id='word_1_179' title='bbox 2049 2641 2116 2693; x_wconf 90' lang='lat' dir='ltr'>ut</span> <span class='ocrx_word' id='word_1_180' title='bbox 2146 2635 2342 2693; x_wconf 89' lang='lat' dir='ltr'>faciat</span> 
     </span>
     <span class='ocr_line' id='line_1_23' title="bbox 245 2738 2341 2815; baseline -0 -18"><span class='ocrx_word' id='word_1_181' title='bbox 245 2742 422 2812; x_wconf 84' lang='lat' dir='ltr'>quod</span> <span class='ocrx_word' id='word_1_182' title='bbox 467 2742 870 2815; x_wconf 87' lang='lat' dir='ltr'>praeteritum</span> <span class='ocrx_word' id='word_1_183' title='bbox 919 2748 1013 2799; x_wconf 89' lang='lat' dir='ltr'>est</span> <span class='ocrx_word' id='word_1_184' title='bbox 1057 2758 1172 2800; x_wconf 91' lang='lat' dir='ltr'>non</span> <span class='ocrx_word' id='word_1_185' title='bbox 1219 2758 1350 2799; x_wconf 88' lang='lat' dir='ltr'>esse</span> <span class='ocrx_word' id='word_1_186' title='bbox 1398 2742 1817 2814; x_wconf 87' lang='lat' dir='ltr'>praeteritum,</span> <span class='ocrx_word' id='word_1_187' title='bbox 1865 2740 2014 2797; x_wconf 90' lang='lat' dir='ltr'>nihil</span> <span class='ocrx_word' id='word_1_188' title='bbox 2062 2740 2215 2797; x_wconf 88' lang='lat' dir='ltr'>enim</span> <span class='ocrx_word' id='word_1_189' title='bbox 2256 2738 2341 2796; x_wconf 88' lang='lat' dir='ltr'>ibi</span> 
     </span>
     <span class='ocr_line' id='line_1_24' title="bbox 250 2843 2337 2917; baseline 0 -16"><span class='ocrx_word' id='word_1_190' title='bbox 250 2852 559 2916; x_wconf 86' lang='lat' dir='ltr'>operatur</span> <span class='ocrx_word' id='word_1_191' title='bbox 599 2846 932 2903; x_wconf 88' lang='lat' dir='ltr'>necessitas</span> <span class='ocrx_word' id='word_1_192' title='bbox 964 2862 1079 2903; x_wconf 91' lang='lat' dir='ltr'>non</span> <span class='ocrx_word' id='word_1_193' title='bbox 1113 2846 1400 2911; x_wconf 88' lang='lat' dir='ltr'>faciendi,</span> <span class='ocrx_word' id='word_1_194' title='bbox 1449 2850 1556 2902; x_wconf 92' lang='lat' dir='ltr'>aut</span> <span class='ocrx_word' id='word_1_195' title='bbox 1584 2844 2023 2917; x_wconf 88' lang='lat' dir='ltr'>inpossibilitas</span> <span class='ocrx_word' id='word_1_196' title='bbox 2052 2843 2337 2913; x_wconf 85' lang='lat' dir='ltr'>faciendi,</span> 
     </span>
     <span class='ocr_line' id='line_1_25' title="bbox 251 2948 2339 3021; baseline -0 -17"><span class='ocrx_word' id='word_1_197' title='bbox 251 2949 369 3005; x_wconf 86' lang='lat' dir='ltr'>sed</span> <span class='ocrx_word' id='word_1_198' title='bbox 421 2949 519 3006; x_wconf 83' lang='lat' dir='ltr'>dei</span> <span class='ocrx_word' id='word_1_199' title='bbox 566 2949 696 3006; x_wconf 90' lang='lat' dir='ltr'>sola</span> <span class='ocrx_word' id='word_1_200' title='bbox 740 2948 1040 3021; x_wconf 80' lang='lat' dir='ltr'>voluntaS,</span> <span class='ocrx_word' id='word_1_201' title='bbox 1089 2950 1189 3021; x_wconf 89' lang='lat' dir='ltr'>qui</span> <span class='ocrx_word' id='word_1_202' title='bbox 1227 2950 1550 3007; x_wconf 83' lang='lat' dir='ltr'>veritatem</span> <span class='ocrx_word' id='word_1_203' title='bbox 1595 2964 1850 3021; x_wconf 88' lang='lat' dir='ltr'>semper,</span> <span class='ocrx_word' id='word_1_204' title='bbox 1899 2949 2177 3020; x_wconf 88' lang='lat' dir='ltr'>quoniam</span> <span class='ocrx_word' id='word_1_205' title='bbox 2208 2948 2339 3019; x_wconf 89' lang='lat' dir='ltr'>ipse</span> 
     </span>
     <span class='ocr_line' id='line_1_26' title="bbox 255 3051 2337 3125; baseline -0.001 -17"><span class='ocrx_word' id='word_1_206' title='bbox 255 3053 498 3111; x_wconf 85' lang='lat' dir='ltr'>veritas</span> <span class='ocrx_word' id='word_1_207' title='bbox 545 3058 656 3124; x_wconf 88' lang='lat' dir='ltr'>est,</span> <span class='ocrx_word' id='word_1_208' title='bbox 702 3053 1135 3125; x_wconf 85' lang='lat' dir='ltr'>inmutabilem,</span> <span class='ocrx_word' id='word_1_209' title='bbox 1185 3053 1362 3110; x_wconf 91' lang='lat' dir='ltr'>sicuti</span> <span class='ocrx_word' id='word_1_210' title='bbox 1410 3059 1521 3123; x_wconf 92' lang='lat' dir='ltr'>est,</span> <span class='ocrx_word' id='word_1_211' title='bbox 1570 3053 1702 3110; x_wconf 88' lang='lat' dir='ltr'>vult</span> <span class='ocrx_word' id='word_1_212' title='bbox 1747 3068 1913 3108; x_wconf 89' lang='lat' dir='ltr'>esse:</span> <span class='ocrx_word' id='word_1_213' title='bbox 1974 3051 2063 3108; x_wconf 89' lang='lat' dir='ltr'>ita</span> <span class='ocrx_word' id='word_1_214' title='bbox 2109 3052 2160 3107; x_wconf 90' lang='lat' dir='ltr'>si</span> <span class='ocrx_word' id='word_1_215' title='bbox 2205 3066 2337 3122; x_wconf 89' lang='lat' dir='ltr'>pro-</span> 
     </span>
     <span class='ocr_line' id='line_1_27' title="bbox 256 3154 2341 3228; baseline -0.001 -15"><span class='ocrx_word' id='word_1_216' title='bbox 256 3157 438 3226; x_wconf 87' lang='lat' dir='ltr'>ponit</span> <span class='ocrx_word' id='word_1_217' title='bbox 511 3173 575 3213; x_wconf 88' lang='lat' dir='ltr'>se</span> <span class='ocrx_word' id='word_1_218' title='bbox 652 3156 881 3228; x_wconf 84' lang='lat' dir='ltr'>aliquid</span> <span class='ocrx_word' id='word_1_219' title='bbox 940 3156 1376 3214; x_wconf 87' lang='lat' dir='ltr'>inmutabiliter</span> <span class='ocrx_word' id='word_1_220' title='bbox 1438 3157 1773 3226; x_wconf 81' lang='lat' dir='ltr'>facturum,</span> <span class='ocrx_word' id='word_1_221' title='bbox 1852 3155 2122 3227; x_wconf 86' lang='lat' dir='ltr'>quamvis</span> <span class='ocrx_word' id='word_1_222' title='bbox 2184 3154 2341 3225; x_wconf 86' lang='lat' dir='ltr'>quod</span> 
     </span>
     <span class='ocr_line' id='line_1_28' title="bbox 260 3258 2339 3334; baseline -0.002 -17"><span class='ocrx_word' id='word_1_223' title='bbox 260 3261 552 3334; x_wconf 84' lang='lat' dir='ltr'>proponit</span> <span class='ocrx_word' id='word_1_224' title='bbox 597 3266 738 3317; x_wconf 89' lang='lat' dir='ltr'>ante</span> <span class='ocrx_word' id='word_1_225' title='bbox 786 3277 961 3331; x_wconf 90' lang='lat' dir='ltr'>quam</span> <span class='ocrx_word' id='word_1_226' title='bbox 1005 3261 1114 3317; x_wconf 87' lang='lat' dir='ltr'>fiat</span> <span class='ocrx_word' id='word_1_227' title='bbox 1158 3277 1273 3317; x_wconf 89' lang='lat' dir='ltr'>non</span> <span class='ocrx_word' id='word_1_228' title='bbox 1320 3260 1514 3333; x_wconf 85' lang='lat' dir='ltr'>possit</span> <span class='ocrx_word' id='word_1_229' title='bbox 1556 3275 1671 3316; x_wconf 91' lang='lat' dir='ltr'>non</span> <span class='ocrx_word' id='word_1_230' title='bbox 1722 3274 1853 3315; x_wconf 87' lang='lat' dir='ltr'>esse</span> <span class='ocrx_word' id='word_1_231' title='bbox 1886 3258 2175 3327; x_wconf 87' lang='lat' dir='ltr'>futurum,</span> <span class='ocrx_word' id='word_1_232' title='bbox 2224 3273 2339 3314; x_wconf 94' lang='lat' dir='ltr'>non</span> 
     </span>
     <span class='ocr_line' id='line_1_29' title="bbox 261 3359 2340 3434; baseline -0 -17"><span class='ocrx_word' id='word_1_233' title='bbox 261 3367 470 3421; x_wconf 86' lang='lat' dir='ltr'>tamen</span> <span class='ocrx_word' id='word_1_234' title='bbox 514 3363 640 3421; x_wconf 88' lang='lat' dir='ltr'>ulla</span> <span class='ocrx_word' id='word_1_235' title='bbox 688 3369 780 3421; x_wconf 91' lang='lat' dir='ltr'>est</span> <span class='ocrx_word' id='word_1_236' title='bbox 823 3364 885 3421; x_wconf 91' lang='lat' dir='ltr'>in</span> <span class='ocrx_word' id='word_1_237' title='bbox 931 3380 1000 3421; x_wconf 89' lang='lat' dir='ltr'>eo</span> <span class='ocrx_word' id='word_1_238' title='bbox 1047 3363 1315 3422; x_wconf 86' lang='lat' dir='ltr'>faciendi</span> <span class='ocrx_word' id='word_1_239' title='bbox 1360 3364 1712 3434; x_wconf 88' lang='lat' dir='ltr'>necessitas,</span> <span class='ocrx_word' id='word_1_240' title='bbox 1760 3367 1868 3420; x_wconf 87' lang='lat' dir='ltr'>aut</span> <span class='ocrx_word' id='word_1_241' title='bbox 1911 3378 2027 3418; x_wconf 89' lang='lat' dir='ltr'>non</span> <span class='ocrx_word' id='word_1_242' title='bbox 2073 3359 2340 3418; x_wconf 86' lang='lat' dir='ltr'>faciendi</span> 
     </span>
     <span class='ocr_line' id='line_1_30' title="bbox 259 3463 2340 3539; baseline -0 -18"><span class='ocrx_word' id='word_1_243' title='bbox 259 3464 726 3539; x_wconf 77' lang='lat' dir='ltr'>inpossibilitaS,</span> <span class='ocrx_word' id='word_1_244' title='bbox 774 3468 1050 3539; x_wconf 90' lang='lat' dir='ltr'>quoniam</span> <span class='ocrx_word' id='word_1_245' title='bbox 1095 3467 1224 3525; x_wconf 88' lang='lat' dir='ltr'>sola</span> <span class='ocrx_word' id='word_1_246' title='bbox 1268 3468 1330 3524; x_wconf 93' lang='lat' dir='ltr'>in</span> <span class='ocrx_word' id='word_1_247' title='bbox 1377 3483 1446 3524; x_wconf 92' lang='lat' dir='ltr'>eo</span> <span class='ocrx_word' id='word_1_248' title='bbox 1495 3472 1782 3539; x_wconf 88' lang='lat' dir='ltr'>operatur</span> <span class='ocrx_word' id='word_1_249' title='bbox 1827 3465 2124 3524; x_wconf 67' lang='lat' dir='ltr'>voluntas</span> <span class='ocrx_word' id='word_1_250' title='bbox 2189 3463 2340 3535; x_wconf 79' lang='lat' dir='ltr'>Quo-</span> 
     </span>
    </p>
   </div>
   <div class='ocr_carea' id='block_1_4' title="bbox 285 3608 685 3618">
    <p class='ocr_par' dir='ltr' id='par_1_4' title="bbox 285 3608 685 3618">
     <span class='ocr_line' id='line_1_31' title="bbox 285 3608 685 3618; baseline 0 782"><span class='ocrx_word' id='word_1_251' title='bbox 285 3608 685 3618; x_wconf 95' lang='lat' dir='ltr'> </span> 
     </span>
    </p>
   </div>
   <div class='ocr_carea' id='block_1_5' title="bbox 413 3690 1694 3757">
    <p class='ocr_par' dir='ltr' id='par_1_5' title="bbox 413 3690 1694 3757">
     <span class='ocr_line' id='line_1_32' title="bbox 413 3690 1694 3757; baseline -0.002 -12"><span class='ocrx_word' id='word_1_252' title='bbox 413 3690 583 3757; x_wconf 84' lang='lat' dir='ltr'>¹cap.</span> <span class='ocrx_word' id='word_1_253' title='bbox 620 3691 805 3745; x_wconf 90' lang='lat' dir='ltr'><strong>XVII.</strong></span> <span class='ocrx_word' id='word_1_254' title='bbox 844 3696 932 3745; x_wconf 89' lang='lat' dir='ltr'>est</span> <span class='ocrx_word' id='word_1_255' title='bbox 970 3693 1028 3745; x_wconf 89' lang='lat' dir='ltr'>in</span> <span class='ocrx_word' id='word_1_256' title='bbox 1065 3692 1150 3745; x_wconf 88' lang='lat' dir='ltr'>ed.</span> <span class='ocrx_word' id='word_1_257' title='bbox 1189 3690 1352 3745; x_wconf 87' lang='lat' dir='ltr'>Gerb.</span> <span class='ocrx_word' id='word_1_258' title='bbox 1393 3707 1439 3744; x_wconf 89' lang='lat' dir='ltr'>c.</span> <span class='ocrx_word' id='word_1_259' title='bbox 1476 3690 1694 3745; x_wconf 90' lang='lat' dir='ltr'>XVIII.</span> 
     </span>
    </p>
   </div>
  </div>
 </body>
</html>
