2775 4400
699 287 720 298 ”
793 293 952 354 oua
997 257 1208 354 nnus
1253 293 1501 354 110110.
1548 296 1633 353 11.
1682 313 1807 354 xv1.
2236 301 2332 376 ⁴83

231 485 332 538 tas
361 480 756 554 perficienda
788 482 901 549 est,
950 479 1124 552 quasi
1153 478 1391 536 frustra
1424 480 1719 536 extitisse.
1767 479 1920 538 Nam
1952 480 2337 553 aliquatenus

228 584 290 641 in
355 601 600 644 vanum
668 585 800 642 esse
855 583 1244 653 viderentur,
1309 583 1590 654 quamdiu
1645 600 1761 641 non
1809 584 1887 641 ad
1932 585 2043 643 hoc
2086 591 2338 658 propter

227 689 395 760 quod
444 689 714 746 maxime
745 687 913 745 facta
945 692 1166 756 essent,
1217 686 1569 744 viderentur
1599 687 1950 746 subsistere.
2000 683 2154 748 Bos.
2191 689 2335 747 Con-

223 793 502 862 gruenti
563 792 802 849 ratione
865 797 928 848 et
988 790 1082 848 cui
1139 789 1289 846 nihil
1331 805 1679 862 repugnare
1726 792 1969 850 videtur
2012 800 2333 864 monstras,

221 895 480 953 nullum
544 911 806 966 unquam
867 894 1058 952 fuisse
1117 899 1354 966 tempus
1416 911 1490 951 ex
1552 911 1665 966 quo
1729 894 1928 952 factus
1991 901 2083 954 est
2140 896 2331 968 hom0‚

222 999 482 1070 absque
533 999 756 1069 aliqu0‚
795 999 904 1070 qui
948 998 1027 1055 ad
1068 1014 1199 1055 eam
1229 998 1586 1070 pertineret,
1635 998 1763 1055 sine
1796 1015 1913 1070 qua
1945 1015 2099 1057 vane
2131 999 2347 1060 factus,

225 1111 404 1159 esset
449 1103 657 1160 omnis
701 1102 893 1172 1101110,
939 1101 1525 1158 reconciliationem:
1600 1101 1755 1172 quod
1801 1119 1919 1159 non
1967 1102 2154 1160 solum
2202 1121 2333 1162 con-

222 1207 540 1276 11θηί003,
585 1205 693 1262 sed
740 1205 922 1262 etiam
965 1205 1367 1262 necessarium
1418 1221 1549 1262 esse
1594 1221 1906 1277 possumus
1953 1207 2332 1266 concludere.

225 1309 294 1366 Si
345 1311 524 1368 enim
573 1309 1025 1368 convenientius
1072 1313 1134 1366 et
1175 1308 1606 1367 rationabilius
1653 1315 1745 1366 est
1789 1309 1936 1380 hoc,
2002 1326 2178 1382 quam
2226 1310 2333 1369 ali-

224 1415 495 1484 quando
562 1413 789 1471 nullum
847 1413 1070 1484 fuisse,
1135 1412 1208 1470 de
1268 1429 1381 1484 quo
1427 1413 1682 1470 intentio
1731 1412 1827 1469 dei
1874 1429 1991 1485 qua
2037 1415 2331 1472 hominem

225 1519 393 1576 fecit
444 1518 864 1590 perficeretur,
909 1533 1021 1574 nec
1067 1521 1162 1573 est
1205 1516 1435 1589 aliquid
1480 1516 1635 1588 quod
1680 1516 1819 1574 huic
1854 1517 2056 1575 obviet
2084 1519 2331 1588 rationi,

227 1637 506 1684 necesse
555 1627 648 1678 est
691 1636 926 1692 semper
972 1620 1232 1692 aliquem
1271 1620 1347 1677 ad
1379 1621 1759 1692 praedictam
1786 1620 2337 1679 reconciliationem

230 1727 663 1808 pertinentem
717 1724 931 1781 fuisse.
1008 1723 1183 1782 Unde
1243 1722 1439 1780 Adam
1502 1729 1563 1780 et
1618 1723 1808 1782 Evam
1865 1724 1944 1781 ad
1989 1725 2156 1782 illam
2200 1742 2334 1797 per-

230 1831 516 1898 tinuisse
575 1828 1047 1900 redemptionem
1107 1826 1499 1885 dubitandum
1552 1843 1669 1884 non
1718 1832 1843 1896 est,
1907 1829 2179 1898 quamvis
2224 1829 2337 1886 hoc

233 1935 596 1992 auctoritas
644 1932 851 1990 divina
898 1936 1110 2004 aperte
1156 1947 1271 1988 non
1315 1931 1691 2003 pronunciet.
1755 1922 1918 1988 Ans.
1966 1930 2334 1989 Incredibile

235 2053 494 2111 quoque
553 2036 830 2106 videtur,
892 2035 1128 2108 quando
1191 2035 1337 2092 deus
1385 2034 1538 2092 ⁴illos
1582 2035 1730 2092 fecit
1781 2041 1842 2091 et
1885 2036 2203 2107 proposuit
2246 2036 2333 2092 in-

241 2139 637 2200 mutabiliter
696 2140 904 2198 facere
965 2139 1038 2198 de
1091 2139 1215 2195 illis
1271 2154 1473 2195 omnes
1516 2138 1818 2209 homines„
1884 2154 2029 2211 quos
2076 2139 2155 2196 ad
2202 2156 2332 2196 cae-

237 2244 473 2303 lestem
518 2244 826 2303 civitatem
871 2248 1289 2315 assumpturus
1335 2249 1489 2315 erat,
1538 2242 1695 2315 quod
1741 2242 1877 2300 illos
1925 2243 2071 2300 duos
2115 2244 2191 2301 ab
2224 2244 2337 2302 hoc

241 2349 590 2408 excluserit
634 2348 963 2420 proposito.
1042 2341 1194 2406 Boe.
1252 2346 1437 2403 Immo
1484 2347 1621 2404 illos
1665 2348 1922 2405 maxime
1970 2347 2047 2405 ad
2093 2347 2204 2404 hoc
2249 2347 2334 2404 fe-

243 2454 412 2511 cisse
463 2451 629 2509 credi
675 2450 873 2521 debet,
921 2456 990 2507 ut
1030 2456 1232 2507 essent
1274 2449 1346 2506 de
1376 2449 1501 2507 illis
1529 2457 1781 2523 propter
1815 2467 1960 2522 quos
1990 2451 2144 2508 facti
2174 2458 2330 2507 sunt.

246 2549 418 2616 Ans.
483 2556 648 2612 Bene
711 2553 1076 2612 considerate.
1139 2554 1324 2612 Nulla
1384 2558 1585 2610 tamen
1642 2554 1841 2611 anima
1896 2560 2038 2611 ante
2083 2559 2333 2611 mortem

245 2657 483 2717 Christi
545 2657 896 2729 paradisum
957 2656 1278 2715 caelestem
1339 2655 1581 2729 ingredi
1639 2656 1871 2728 potuit,
1911 2657 2090 2714 -sicut
2148 2672 2335 2729 supra

249 2763 384 2821 dixi
436 2762 510 2819 de
539 2762 708 2833 regis
738 2760 990 2833 palatio.
1039 2755 1193 2819 Bos.
1243 2759 1343 2818 Sic
1373 2765 1668 2817 tenemuS.
1713 2751 1874 2817 Ans,
1909 2759 2100 2832 Virgo
2134 2766 2335 2817 autem

249 2864 402 2937 illa,
469 2864 542 2922 de
605 2881 722 2936 qua
785 2863 888 2920 ille
947 2863 1118 2921 homo
1179 2869 1523 2935 assumptus
1585 2869 1678 2920 est
1736 2863 1808 2920 de
1856 2880 1969 2936 quo
2015 2864 2332 2937 loquimur,

249 2968 376 3027 fuit
439 2968 514 3025 de
573 2967 694 3025 illis
756 2968 856 3039 qui
917 2973 1058 3024 ante
1120 2967 1506 3025 nativitatem
1554 2968 1681 3024 eius
1728 2984 1839 3040 per
1886 2983 2015 3025 eum
2062 2968 2335 3025 mundati

254 3078 400 3131 sunt
444 3088 483 3129 a
527 3072 814 3144 peccatiS‚
863 3076 926 3127 et
968 3071 1029 3127 in
1077 3071 1204 3129 eius
1243 3071 1378 3142 ipsa
1410 3070 1712 3129 mundicia
1746 3071 1819 3128 de
1850 3071 1958 3128 illa
1990 3077 2335 3144 assumptus

255 3182 370 3235 est.
449 3169 603 3234 Bos.
667 3169 996 3232 Placeret¹
1057 3174 1201 3231 mihi
1260 3173 1508 3231 multum
1569 3174 1725 3246 quod
1788 3174 1937 3232 dicis
1983 3174 2147 3257 nisi.
2202 3190 2333 3231 cum

254 3279 390 3353 ipse
453 3278 676 3335 debeat
738 3294 776 3343 a
836 3293 901 3333 se
960 3278 1092 3349 ipso
1139 3277 1364 3335 habere
1411 3278 1769 3335 mundiciam
1818 3294 1855 3335 a
1899 3282 2183 3350 peccato,
2246 3278 2332 3335 vi—

257 3376 550 3440 deretur²
599 3398 730 3438 eam
773 3364 1082 3439 habere·a
1127 3386 1340 3451 matre,
1392 3386 1453 3438 et
1497 3398 1611 3438 non
1653 3396 1765 3453 per
1798 3397 1861 3437 se
1892 3380 2145 3437 mundus
2178 3396 2332 3451 esse,

255 3486 366 3543 sed
424 3501 536 3558 per
593 3485 778 3542 illam.
855 3477 1016 3543 Ana
1087 3484 1220 3543 Non
1281 3486 1370 3542 ita
1431 3490 1540 3541 est.
1616 3483 1734 3542 Sed
1795 3485 2074 3557 quoniam
2118 3486 2335 3543 matris

405 3701 636 3755 ¹Placet
673 3700 850 3754 DMO.
889 3733 950 3740 —-
994 3702 1346 3754 ²vz‘deretur
1385 3700 1565 3769 KOP3
1602 3700 1704 3753 aL:
1742 3700 2003 3754 videtur.
