2775 4400
499 292 580 346 94
1342 283 1705 344 ANSELMI

499 472 672 530 dedit
719 470 878 544 quod
924 469 1250 542 aliquando
1294 469 1661 526 necessitate
1704 467 2055 539 perditurus
2100 485 2218 526 non
2264 475 2419 542 erat,
2470 479 2605 529 aut,

443 583 448 586 '
497 576 680 634 solvit
739 574 896 648 quod
956 590 1072 631 non
1134 571 1415 630 debebat.
1490 570 1608 628 Ille
1670 587 1812 628 vero
1872 578 2086 643 sponte
2140 573 2308 644 patri
2354 575 2596 633 obtulit:

499 680 655 752 quod
716 662 884 736 110110
943 676 1310 734 necessitate
1368 691 1630 746 unquam
1677 675 2006 732 amissurus
2052 683 2221 747 erat,
2285 683 2347 734 et
2392 679 2603 738 solvit,

497 800 606 856 pro
667 781 1088 855 peccatoribus
1150 779 1308 851 quod
1367 795 1481 850 pro
1540 795 1605 836 se
1664 794 1781 835 non
1837 777 2114 837 debebat.
2192 779 2593 856 Quapropter

497 887 602 944 1110
662 885 850 942 multo
905 884 1102 955 magis
1163 882 1332 940 dedit
1396 881 1762 954 exemplum,
1824 887 1894 938 ut
1952 884 2357 956 unusquisque
2419 888 2593 958 quod

499 988 824 1061 aliquando
866 988 1291 1044 incunctanter
1335 986 1667 1044 amissurus
1714 991 1827 1056 est,
1872 1002 1983 1058 pro
2030 1003 2095 1043 00
2138 987 2271 1059 ipso
2316 989 2599 1048 reddere

500 1093 630 1165 deo,
679 1108 809 1150 00111
851 1090 1012 1148 ratio
1057 1089 1364 1162 postulat,
1412 1106 1526 1146 11011
1576 1088 1843 1160 dubitet,
1900 1090 2001 1162 qui
2048 1107 2178 1147 00111
2226 1092 2590 1152 nullatenus

497 1201 607 1254 aut
648 1212 757 1267 pro
803 1211 868 1251 se
915 1193 1239 1265 indigeret,
1287 1197 1397 1250 aut
1441 1197 1764 1264 cogeretur
1807 1209 1918 1265 pro
1965 1193 2123 1263 aliis,
2173 1195 2389 1266 quibus
2425 1198 2593 1255 nihil

501 1299 628 1358 nisi
673 1315 926 1371 poenam
972 1297 1252 1366 debebat,
1299 1295 1426 1353 ’tam
1470 1296 1805 1368 preciosam
1834 1280 2043 1368 vitam,
2088 1297 2263 1355 immo
2294 1299 2601 1374 seipsum,

499 1409 730 1460 tantam
777 1401 1014 1460 scilicet
1055 1415 1375 1473 personam
1416 1404 1589 1456 tanta
1618 1398 1932 1456 voluntate
1964 1399 2149 1456 dedit.
2222 1395 2375 1460 Boe.
2424 1403 2588 1461 Mul-

497 1515 623 1564 tum
679 1504 1050 1577 propinquas
1112 1502 1412 1559 desiderio
1472 1518 1635 1572 meo,
1698 1501 1804 1558 sed
1864 1504 2097 1561 sustine
2156 1512 2225 1561 ut
2286 1521 2593 1577 quaeram

500 1609 816 1681 quiddam,
881 1606 1036 1680 quod
1099 1605 1369 1677 quamvis
1430 1603 1667 1662 fatuum
1729 1603 1988 1663 forsitan
2034 1611 2211 1678 putes
2258 1624 2586 1681 quaerere,

497 1728 615 1770 non
674 1716 876 1768 tamen
935 1711 998 1766 in
1056 1714 1338 1781 promptu
1396 1707 1539 1764 mihi
1602 1713 1695 1764 est
1754 1708 1896 1780 quid
1941 1709 2375 1782 respondeam,
2440 1714 2494 1769 si
2546 1730 2596 1771 a

497 1831 590 1872 me
638 1820 986 1887 quaeratur.
1050 1811 1218 1870 Dicis
1264 1812 1406 1884 quia
1453 1811 1690 1883 quando
1737 1817 2009 1869 mortuus
2043 1821 2153 1883 est,
2203 1813 2373 1870 dedit
2419 1816 2586 1887 quod

498 1935 615 1976 non
692 1917 970 1976 debebat.
1063 1915 1182 1975 Sed
1251 1932 1423 1973 nemo
1493 1915 1748 1988 negabit
1814 1915 1982 1972 illum
2051 1915 2265 1973 melius
2332 1917 2593 1988 fecisse,

502 2021 739 2094 quando
783 2021 895 2078 hoc
941 2019 1274 2092 exemplum
1319 2019 1533 2076 taliter
1578 2018 1778 2088 dedit,
1826 2025 1889 2076 et
1932 2020 2129 2092 magis
2173 2020 2283 2078 hoc
2327 2005 2585 2093 11100010

501 2126 632 2194 (100,
680 2141 856 2198 (100111
901 2125 953 2180 01
999 2140 1112 2180 non
1153 2122 1264 2180 1100
1293 2122 1562 2194 fecisset,
1610 2130 1717 2180 aut
1748 2123 1911 2181 dicet
1933 2119 1951 2155 ¹
1984 2139 2115 2180 eum
2145 2141 2263 2181 non
2296 2124 2585 2184 debuisse

501 2232 734 2300 facere,
799 2227 956 2299 quod
1015 2227 1228 2284 11101100
1291 2242 1423 2283 0000
1486 2232 1549 2283 et
1601 2227 1757 2298 quod
1801 2228 1998 2299 magis
2041 2227 2285 2300 placere
2334 2229 2445 2287 deo
2492 2232 2583 2289 in-

499 2332 756 2391 tellexit.
833 2330 1133 2401 Quomodo
1195 2346 1342 2401 ergo
1402 2345 1741 2386 asseremus
1795 2346 1927 2387 eum
1972 2347 2089 2388 non
2136 2331 2415 2391 debuisse
2465 2335 2594 2393 (100

499 2436 658 2510 quod
702 2435 886 2506 fecit,
934 2434 996 2491 id
1043 2439 1137 2491 est
1183 2432 1339 2505 quod
1385 2432 1607 2517 melius.
1646 2448 1777 2489 esse
1824 2439 1887 2491 et
1928 2434 2127 2506 magis
2170 2436 2417 2507 plaeere
2464 2438 2593 2496 deo·

499 2534 877 2611 intellexit²,
953 2536 1319 2611 praesertim
1379 2552 1507 2593 cum
1569 2531 1851 2593 creatura
1912 2536 2132 2594 debeat
2192 2538 2303 2595 deo
2362 2547 2580 2605 totum,

502 2644 657 2717 quod
719 2650 813 2701 est
872 2650 933 2700 et
993 2641 1146 2714 quod
1211 2641 1325 2699 scit
1390 2646 1451 2697 et
1496 2639 1652 2711 quod
1696 2634 1991 2712 potestss?
2066 2633 2227 2699 Ans.
2292 2641 2594 2712 Quamvis.

501 2752 783 2805 creatura
841 2745 991 2803 nihil
1049 2745 1278 2802 habeat
1337 2760 1373 2801 a
1422 2759 1519 2814 se,
1580 2743 1816 2817 quando
1861 2749 2063 2802 tamen
2108 2744 2200 2803 illi
2249 2745 2397 2803 deus
2444 2763 2580 2805 con-

501 2849 660 2907 cedit.
704 2848 932 2920 aliquid
977 2840 1142 2906 licite
1185 2847 1393 2904 facere
1440 2852 1501 2903 et
1549 2862 1669 2903 non
1711 2846 1937 2917 facere,
1986 2847 2094 2905 dat
2136 2848 2228 2906 illi
2271 2849 2363 2906 ita
2404 2866 2576 2908 suum

501 2968 634 3011 esse
677 2957 1012 3023 utrumque,
1059 2956 1128 3007 ut
1170 2950 1316 3007 licet
1360 2950 1617 3008 alterum
1667 2951 1749 3008 sit
1788 2950 2019 3022 11101100,
2066 2959 2343 3009 neutrum
2373 2958 2589 3011 tamen·

501 3057 787 3129 exigatur
855 3054 1286 3126 determinate,
1361 3054 1468 3111 sed
1528 3055 1657 3113 sive
1720 3054 1915 3112 faciat
1971 3055 2127 3126 quod
2185 3055 2399 3112 melius
2462 3068 2589 3128 est,

501 3160 631 3218 sive
676 3159 952 3230 alterum,
1002 3158 1222 3215 debere
1267 3156 1475 3215 facere
1523 3158 1762 3215 dicatur
1808 3157 1964 3230 quod
2009 3157 2181 3228 facit,
2230 3164 2294 3215 et
2338 3159 2391 3215 si
2421 3158 2591 3217 facit.

502 3262 659 3336 quod
702 3263 914 3320 melius
962 3268 1074 3333 est,
1136 3262 1470 3334 praemium
1514 3261 1761 3331 habeat,
1818 3261 1962 3332 quia
2007 3267 2219 3334 sponte
2267 3261 2375 3319 dat
2419 3264 2587 3334 quod

501 3384 670 3425 suum
716 3372 825 3424 est.
872 3366 1028 3423 Nam
1076 3382 1203 3423 cum
1235 3365 1563 3437 virginitas
1592 3363 1804 3420 melior
1836 3365 1919 3421 sit
1951 3365 2249 3436 coniugi0,
2296 3370 2577 3423 neutrum

499 3478 704 3529 tamen
748 3469 824 3527 ab
869 3469 1104 3525 homine
1152 3468 1552 3525 determinate
1599 3467 1883 3540 exigitur,
1932 3468 2036 3524 sed
2071 3475 2132 3526 et
2164 3467 2264 3539 qui
2297 3468 2589 3542 coniugio·

649 3694 764 3746 ¹A:
815 3694 984 3748 (11000.
1022 3724 1087 3732 -
1129 3692 1466 3747 ²KMNOP:
1516 3692 1817 3763 coynouit.
1854 3723 1920 3731 —-
1958 3691 2229 3746 ³EKNP:
2268 3694 2325 3746 et
2354 3694 2589 3761 potest.
